1674 2775
257 124 336 162 288
665 135 701 161 P.
720 133 908 160 vmetnn
927 134 1117 162 MAnoms

257 228 378 265 Filius
396 228 485 266 huic
506 228 643 273 Pallas,
662 227 717 265 illi
737 242 861 266 eomes
881 229 961 266 ibat
980 229 1161 267 Achates.

258 281 459 331 Congressi
473 282 646 331 jungunt
664 282 827 327 dextras,
848 282 1053 332 mediisque
1072 283 1244 321 residunt

258 334 431 380 AEdibus,
452 338 490 372 et
510 334 615 371 licito
634 335 789 372 tandem
808 349 979 373 sermone
998 336 1189 374 fruuntur.

259 387 342 425 Rex
361 391 463 437 prior
481 388 582 424 haee:

259 444 279 460 “
298 441 467 478 Maxime
487 441 717 477 Teucrorum
738 440 883 485 ductor,
904 454 977 491 quo
996 441 1136 491 sospite
1155 456 1350 493 nunquam

258 495 336 532 Res
356 494 526 544 equidem
549 493 672 543 Trojae
690 493 809 531 victas
830 497 896 531 aut
916 508 1032 544 regna
1050 495 1208 543 fatebor,

257 547 382 585 Nobis
402 547 449 584 ad
467 547 554 584 belli
574 546 753 583 auxilium
774 560 842 596 pro
861 547 1014 584 nomine
1032 550 1144 585 tanto

258 600 420 651 Exiguae
438 600 548 637 vires.
604 600 709 637 Hinc
728 599 852 637 Tusco
871 599 1081 637 claudimur
1100 601 1214 647 amni,

257 654 363 691 Hinc
384 652 552 689 Rutulus
571 653 720 702 premit,
741 656 779 690 et
799 666 949 689 murum
970 653 1223 691 circumsonat
1242 654 1368 691 armis

257 707 332 745 Sed
349 706 422 743 tibi
441 719 511 756 ego
530 706 705 756 ingentes
724 705 881 755 populos
902 706 1155 756 opulentaque
1173 707 1301 757 regnis

257 760 284 797 J
287 773 427 810 ungere
447 736 594 796 castra&
589 772 698 808 paro:
728 772 841 808 quam
861 759 935 796 fors
954 759 1107 809 inopina
1126 760 1288 798 salutem

258 812 454 850 Ostentat.
511 812 619 849 Fatis
638 812 713 850 huc
733 815 771 849 te
790 812 1033 862 poscentibus
1052 813 1172 850 affers.

255 866 375 903 Haud
393 865 523 915 procul
541 865 630 902 hinc
650 878 738 902 saxo
756 865 934 902 incolitur
953 866 1112 902 fundata
1128 867 1283 904 vetusto

255 918 374 956 Urbis
394 918 584 968 Agyllinae
603 918 729 955 sedes:
759 918 825 955 ubi
844 918 968 968 Lydia
987 919 1177 968 quondam

255 972 371 1018 Gens,
390 972 489 1009 bello
508 971 698 1021 praeclara,
711 971 816 1021 jugis
835 970 975 1009 insedit
994 972 1181 1009 Etruscis.

254 1025 369 1062 Hane
388 1025 529 1062 multos
549 1025 745 1062 florentem
765 1037 881 1062 annos
901 1038 963 1062 rex
984 1024 1118 1062 deinde
1138 1025 1298 1076 superbo

255 1078 422 1128 Imperio
441 1081 480 1115 et
500 1077 606 1114 saevis
625 1077 752 1115 tenuit
771 1077 987 1115 Mezentius
1007 1078 1132 1116 armis.

254 1131 355 1178 Quid
373 1144 577 1168 memorem
597 1131 768 1167 infandas
788 1131 926 1168 caedes!
956 1131 1046 1180 quid
1064 1131 1166 1168 facta
1183 1132 1338 1182 tyranni

255 1185 403 1222 Effera!
459 1184 511 1221 Di
531 1184 646 1233 capiti
664 1184 780 1233 ipsius
799 1184 1000 1233 generique
1019 1185 1231 1222 reservent!

257 1237 416 1275 Mortua
433 1237 524 1286 quin
543 1237 658 1274 etiam
671 1237 859 1287 jungebat
878 1250 1032 1286 corpora
1050 1237 1158 1284 vivis,

257 1290 495 1340 Componens
515 1290 762 1339 manibusque
781 1303 914 1326 manus
933 1294 1047 1339 atque
1066 1290 1193 1327 oribus
1212 1304 1287 1337 ora,

255 1343 453 1381 Tormenti
472 1344 612 1393 genus!
641 1346 679 1380 et
699 1342 800 1380 sanie
818 1343 981 1392 taboque
1000 1343 1160 1380 fluentes

255 1396 464 1446 Complexu
483 1396 520 1433 in
541 1396 677 1433 misero
695 1395 811 1446 longa
829 1395 881 1433 sie
901 1397 1023 1432 morte
1042 1396 1212 1433 necabat.

254 1450 311 1486 At
330 1450 417 1486 fessi
435 1449 589 1486 tandem
610 1449 708 1486 cives
726 1448 880 1486 infanda
899 1448 1087 1486 furentem

254 1502 407 1539 Armati
425 1501 737 1539 cir‘cumsistunt
728 1515 927 1552 ipsumque
945 1502 1196 1551 domumque3

254 1554 497 1592 Obtruncant
516 1554 646 1598 socios,
666 1555 794 1604 ignem
814 1554 861 1591 ad
879 1554 1032 1604 fastigia
1043 1554 1206 1604 jactant.

255 1607 328 1645 Ille
347 1608 448 1645 inter
467 1608 590 1645 caedcs
610 1607 842 1644 Rutulorum
863 1607 1036 1656 elapsus
1028 1621 1066 1643 in
1087 1621 1196 1659 agros

255 1660 480 1711 Confugere,
500 1664 540 1698 et
559 1660 679 1697 Turni
698 1660 888 1698 defendier
906 1660 1067 1710 hospitis
1087 1661 1213 1698 armis.

254 1714 360 1764 Ergo
381 1714 503 1751 omnis
522 1714 629 1751 furiis
648 1713 811 1751 surrexit
830 1713 989 1750 Etruria
1001 1713 1140 1763 justis3

254 1766 403 1817 Regem
422 1767 469 1804 ad
489 1767 715 1816 supplicium
735 1766 912 1816 praesenti
932 1766 1062 1804 Marte
1076 1768 1291 1816 reposcunt.

253 1820 330 1857 His
349 1833 419 1870 ego
439 1823 489 1865 te,
510 1820 642 1865 AEnea,
662 1820 859 1857 ductorem
877 1819 1043 1856 millibus
1063 1820 1212 1857 addam.

254 1873 355 1911 Toto
374 1886 537 1922 namque
556 1874 724 1910 fremunt
743 1873 939 1910 condensae
953 1873 1064 1910 litore
1082 1886 1238 1923 puppeS‚

254 1926 444 1976 Signaque
463 1926 732 1975 fer1·ejubent;
759 1926 900 1963 retinet
919 1925 1112 1975 longaevus
1131 1927 1318 1976 haruspex

254 1978 354 2016 Fata
372 1992 508 2016 canens
523 1996 530 2016 ε
561 1980 593 2016 Ο
615 1979 789 2016 Maeoniae
808 1979 952 2016 delecta
965 1979 1160 2029 juventus,

254 2032 344 2069 Flos
363 2035 535 2069 veterum
556 2032 752 2082 virtusque
770 2032 906 2077 virum,
927 2045 1020 2081 quos
1033 2032 1162 2082 justus
1181 2031 1221 2069 in
1238 2031 1387 2069 hostem

254 2085 348 2122 Fert
368 2085 484 2130 dolor,
504 2088 544 2122 et
562 2085 698 2122 merita
716 2085 887 2122 accendit
908 2085 1123 2122 Mezentius
1141 2085 1208 2132 ira,

253 2138 365 2175 Nulli
384 2139 439 2175 fas
460 2138 561 2175 Italo
580 2140 731 2175 tantam
750 2138 976 2188 subjungere
995 2145 1171 2188 gentem:

253 2191 444 2228 Externos
465 2193 594 2240 optate
614 2192 738 2228 duces.
794 2191 895 2228 Tum
915 2191 1080 2228 Etrusca
1097 2190 1237 2229 resedit

252 2244 341 2281 Hoc
361 2244 457 2281 acies
476 2257 620 2293 campo,
640 2244 794 2281 monitis
814 2243 995 2281 exterrita
1014 2244 1156 2281 divum.

253 2297 342 2347 Ipse
361 2300 528 2334 oratores
547 2297 595 2334 ad
614 2310 674 2334 me
692 2297 872 2347 regnique
893 2309 1070 2333 coronam

252 2350 351 2387 Cum
370 2353 518 2400 sceptro
538 2350 654 2393 misit,
673 2350 903 2399 mandatque
921 2349 1087 2399 insignia
1105 2348 1291 2394 Tarchon,

253 2403 457 2441 Succedam
479 2403 623 2449 castris,
643 2403 913 2453 Tyrrhenaque
931 2416 1049 2452 regna
1067 2415 1267 2452 capessam.

253 2456 327 2494 Sed
346 2456 440 2493 mihi
459 2457 569 2493 tarda
587 2456 673 2506 gelu
693 2456 888 2505 saeclisque
907 2456 1019 2493 effeta
1038 2458 1210 2493 senectus

252 2509 401 2546 Invidit
419 2510 631 2559 imperium,
651 2522 813 2559 seraeque
832 2509 879 2546 ad
900 2509 1013 2546 fortia
1030 2509 1138 2546 vires.

252 2562 402 2600 Natum
422 2563 650 2608 exhortarer,
671 2563 710 2599 ni
729 2563 871 2599 mixtus
891 2564 1012 2599 matre
1032 2561 1182 2599 Sabella

253 2615 359 2653 Hinc
378 2619 527 2666 partem
545 2616 675 2666 patriae
694 2616 874 2654 traheret.
930 2615 1001 2663 Tu,
1021 2615 1126 2666 cujus
1145 2617 1185 2653 et
1204 2613 1312 2652 annis
