1674 2775
147 102 225 140 368
559 112 594 139 P.
614 112 803 139 VIRGILII
821 113 1012 141 MAnoms

148 207 282 245 Unum
300 210 448 246 exserta
465 208 565 245 latus
584 221 733 259 pugnae,
751 208 971 259 pharetrata
991 209 1150 248 Camilla
1165 227 1174 250 :

147 261 204 298 Et
223 275 324 299 nunc
344 262 448 299 lenta
466 275 582 298 manu
601 275 780 311 spargens
800 263 954 300 hastilia
972 263 1116 311 denset,

147 314 264 352 Nunc
283 315 446 352 validam
467 315 601 352 dextra
618 315 718 365 rapit
737 315 923 353 indefessa
940 317 1155 367 bipennem.

147 368 296 406 Aureus
316 382 361 406 ex
379 368 538 406 humero
557 372 668 406 sonat
686 382 794 406 arcus
813 372 852 407 et
872 383 977 407 arma
996 370 1142 409 Dianae.

148 420 223 458 Illa
241 422 368 468 etiam,
389 422 421 459 si
440 422 589 471 quando
609 422 648 459 in
667 425 820 472 tergum
840 423 948 472 pulsa
965 424 1130 471 recessit,

148 474 301 524 Spicula
319 489 499 513 converso
518 475 706 526 fugientia
725 476 857 527 dirigit
877 490 976 514 ach.

147 528 204 565 At
223 529 364 566 circum
383 529 492 566 lectae
511 529 679 575 comites,
698 528 914 579 Larinaque
932 530 1053 581 virgo,

148 581 345 631 Tullaque,
365 584 404 619 et
425 585 583 620 aeratam
602 582 776 632 quatiens
797 583 957 634 Tarpeia
977 598 1157 632 securem,

148 634 307 673 Italides
323 653 330 682 ;
359 650 451 686 quas
471 636 552 686 ipsa
571 636 683 674 decus
704 637 775 674 sibi
795 637 857 674 dia
876 637 1036 675 Camilla

148 688 317 739 Delegit‚
337 689 514 739 pacisque
533 690 651 727 bonas
670 690 834 739 bellique
855 691 1060 728 ministras.

149 742 286 789 Quales
307 743 493 781 Threiciae
515 757 632 793 quum
652 743 812 780 flumina
831 744 1129 782 Thermodontis

148 795 323 843 Pulsant,
344 799 383 834 et
402 796 511 847 pictis
531 797 723 835 bellantur
742 798 955 835 Amazones
975 798 1112 836 armis:

149 849 224 887 Seu
242 850 384 887 circum
405 850 657 901 Hippolyten,
678 865 744 888 seu
763 865 881 901 quum
901 865 940 889 se
960 852 1106 890 Martia
1125 866 1238 890 cuxru

143 1861 386 1899 Penthesilea
404 1861 531 1908 refert,
551 1874 766 1912 magnoque
786 1860 960 1898 ululante
980 1860 1155 1897 tumultu

145 1915 330 1952 Feminea
348 1915 543 1953 exsultant
561 1915 705 1952 lunatis
725 1914 880 1965 agmina
897 1913 1022 1964 peltis.

145 1969 270 2014 Quem
289 1968 367 2006 telo
386 1969 565 2018 primum,
586 1982 700 2018 quem
718 1971 967 2019 postremum,
988 1980 1120 2017 aspera
1136 1965 1246 2017 virgo

146 2021 323 2073 Dejicis?
352 2024 419 2059 aut
439 2024 533 2071 quot
552 2022 661 2059 humi
680 2022 883 2060 morientia
902 2035 1058 2071 corpora
1076 2020 1236 2058 fundis?

146 2075 343 2113 Eunaeum
363 2075 493 2126 Clytio
512 2076 680 2125 primum
698 2078 828 2126 patre:
859 2075 965 2126 cujus
985 2076 1160 2125 apertum

141 2129 305 2166 Adversi
323 2129 440 2179 longa
457 2129 743 2166 transverberat
763 2129 887 2167 abiete
906 2131 1052 2178 pectus.

141 2182 344 2233 Sanguinis
363 2183 426 2220 ille
446 2196 602 2220 vomens
623 2182 724 2220 rivos
745 2183 859 2228 cadit,
879 2184 994 2231 atque
1014 2181 1212 2219 cruentam

140 2235 297 2273 Mandit
316 2236 489 2282 humum,
509 2236 747 2286 moriensque
768 2249 837 2273 suo
857 2249 896 2273 se
916 2235 957 2272 in
975 2234 1131 2271 vulnere
1151 2234 1289 2270 versat.

139 2289 241 2326 Tum
260 2289 393 2336 Lirim,
414 2289 686 2339 Pagasumque
706 2302 838 2339 super:
869 2302 1031 2338 quorum
1050 2288 1147 2325 alter
1166 2286 1334 2324 habenas

139 2342 308 2381 Suffosso
327 2343 525 2381 revolutus
545 2356 641 2393 equo
661 2343 754 2379 dum
773 2342 932 2392 colligit,
954 2341 1051 2379 alter

139 2396 246 2434 Dum
267 2396 383 2443 subit,
403 2410 446 2434 ac
467 2397 640 2434 dextram
658 2396 803 2434 labenti
821 2395 948 2433 tendit
969 2395 1166 2440 inermem,

137 2449 378 2501 Teraecipites
396 2450 612 2501 pariterque
629 2452 759 2487 ruunt.
812 2449 888 2486 His
907 2449 1014 2486 addit
1033 2449 1258 2486 Amastrum

136 2503 409 2554 Hippotaden3
438 2504 684 2554 sequiturque
702 2503 932 2541 incumbens
952 2502 1099 2540 eminus
1118 2502 1232 2539 hasta

137 2557 346 2607 Qureaque,
361 2557 709 2608 Harpalycumque,
724 2560 764 2595 et
783 2556 1090 2606 Demophoonta,
1105 2554 1401 2605 Chromimque3

136 2610 289 2661 Potque
309 2611 448 2650 emissa
468 2624 586 2649 manu
605 2610 792 2650 contorsit
812 2610 958 2661 spicula.
980 2609 1104 2660 virgo,
