1705 2744
658 102 896 130 GEORGICON
914 102 997 129 LIB.
1018 101 1067 128 IL'

224 200 361 239 Ausim
378 199 440 238 vel
457 198 565 238 tenui
581 199 700 237 vitem
719 198 957 237 committere
975 197 1078 235 sulco
1094 213 1103 244 ;

225 254 352 292 Altior
370 267 412 291 ac
430 253 581 304 penitus
599 256 713 291 terrae
732 252 912 303 defigitur
930 251 1038 289 arbos
1053 267 1061 288 :

226 307 402 345 AEsculus
421 307 462 344 in
479 307 622 357 primis,
642 320 735 357 quae,
755 307 942 356 quantum
960 304 1101 342 vertice
1120 303 1167 341 ad
1186 316 1293 341 auras

225 361 430 408 AEtherias,
448 363 603 398 tantum
620 360 743 398 radice
761 360 802 397 in
821 359 981 397 Tartara
997 358 1136 396 tendit.

224 415 331 465 Ergo
350 428 428 452 non
445 414 587 452 hiemes
605 414 721 461 illam,
740 427 818 451 non
835 413 963 460 fiabra,
982 426 1102 462 neque
1120 412 1259 449 imbres

225 467 455 506 Convellunt
469 484 477 515 3
503 468 665 506 immota
681 469 822 514 manet,
836 467 1051 516 multosque
1069 468 1226 515 nepotes

224 521 355 559 Multa
372 522 498 559 virum
514 522 669 559 volvens
692 521 860 558 durando
881 520 1013 558 saecula
1031 519 1161 556 vincit.

225 575 326 612 Tum
344 576 465 622 fortis,
483 575 560 613 late
573 589 697 613 ramos
717 577 755 613 et
773 574 928 612 brachia
945 573 1103 611 tendens

225 629 317 666 Huc
335 629 435 675 iHuc,
455 629 578 666 media
595 629 678 679 ipsa
695 628 892 679 ingentem
910 627 1073 664 sustinet
1092 625 1277 663 umbram.

278 682 388 721 Neve
405 682 478 720 tibi
496 682 545 720 ad
563 683 678 720 solem
693 683 854 733 vergant
868 681 996 718 vineta
1007 680 1203 718 cadentem
1218 696 1226 726 3

226 735 336 774 Neve
354 736 456 774 inter
473 736 572 773 vites
592 736 761 774 corulum
785 748 885 781 sere3
913 748 1006 772 neve
1024 733 1173 784 flagella

226 790 384 827 Summa
401 792 487 840 pete
507 792 574 827 aut
593 802 741 827 summa
759 788 951 839 destringe
970 802 1014 826 ex
1033 788 1163 825 arbore
1181 786 1330 837 plantas
1345 802 1352 832 3

225 843 374 880 Tantus
393 857 499 881 amor
516 848 624 881 terrae
639 859 647 890 3
674 856 749 880 neu
767 842 864 880 ferro
882 842 973 879 laedc
992 843 1120 879 retuso

226 896 399 944 Semina3
426 910 520 934 neve
539 896 626 934 oleae
646 895 827 933 silvestris
846 895 967 933 insere
985 898 1152 933 truncos·

224 950 330 987 Nam
348 963 447 1000 saepe
465 949 626 987 incautis
645 949 859 1000 pastoribus
879 949 1018 986 excidit
1037 948 1147 1000 ignis,

226 1003 312 1050 Qui,
330 1003 464 1041 furtim
483 1003 617 1054 pingui
635 1003 801 1053 primum
820 1003 889 1040 sub
909 1003 1047 1040 cortice
1064 1004 1202 1047 tectus,

225 1056 379 1094 Robora
397 1057 644 1107 comprendit,
663 1056 887 1106 frondesque
906 1056 1053 1106 elapsus
1072 1056 1111 1092 in
1131 1055 1226 1093 altas

224 1110 429 1161 Ingentem
449 1110 542 1148 coelo
561 1110 728 1148 sonitum
747 1110 873 1157 dedit;
901 1109 988 1147 inde
1007 1112 1157 1147 secutus

225 1163 299 1201 Per
318 1177 441 1201 ramos
460 1164 583 1202 victor
600 1177 740 1214 perque
759 1164 837 1201 alta
856 1163 1049 1201 eacumina
1066 1165 1214 1214 regnat,

224 1217 279 1255 Et
298 1219 427 1255 totum
445 1217 608 1255 involvit
626 1217 788 1254 flammis
807 1231 951 1264 nemus,
972 1219 1010 1254 et
1030 1217 1109 1254 ruit
1128 1220 1253 1254 atram

224 1271 287 1308 Ad
305 1271 442 1308 coelum
460 1271 565 1321 picea
583 1285 728 1308 crassus
748 1270 906 1322 caligine
925 1271 1066 1307 nubem
1083 1287 1090 1308 :

225 1324 441 1362 Praesertim
460 1324 492 1362 si
509 1327 716 1375 tempestas
736 1338 758 1362 a
776 1324 918 1362 vertice
938 1324 1041 1361 silvis

224 1377 417 1425 Incubuit,
437 1378 697 1429 glomeratque
717 1379 838 1416 ferens
856 1378 1029 1416 incendia
1047 1379 1197 1414 ventus.

224 1431 312 1469 Hoc
332 1432 408 1479 ubi,
426 1446 503 1470 non
523 1445 545 1469 a
563 1432 680 1483 stirpe
698 1432 838 1479 valent,
859 1445 1043 1482 eaesaequc
1062 1432 1201 1469 reverti

226 1485 406 1532 Possunt,
426 1487 539 1536 atque
557 1485 634 1523 ima
653 1486 790 1523 similes
812 1486 1032 1523 revirescere
1051 1488 1153 1523 terra
1169 1502 1176 1522 ;

226 1537 366 1576 Infelix
384 1541 536 1589 superat
554 1539 654 1577 foliis
674 1539 833 1577 oleaster
852 1539 999 1576 amaris.

280 1592 363 1629 Nec
381 1592 453 1630 tibi
471 1595 553 1629 tam
570 1593 734 1643 prudens
754 1593 952 1643 quisquam
974 1591 1197 1643 persuadeat
1217 1594 1359 1639 auctor,

227 1645 416 1683 Tellurem
434 1646 547 1683 borea
565 1646 725 1697 rigidam
746 1647 912 1697 spirante
931 1646 1085 1683 moveri.

228 1697 336 1735 Rura
353 1699 441 1749 gelu
458 1701 543 1736 tum
563 1700 704 1737 claudit
722 1700 866 1746 hiems,
895 1714 962 1737 nec
982 1700 1123 1736 semine
1137 1698 1241 1749 jacto

229 1751 456 1790 Concretam
474 1753 620 1803 patitur
638 1753 802 1790 radicem
821 1754 970 1803 affigere
992 1755 1113 1790 tcrrae.

228 1804 386 1855 Optima
402 1806 540 1843 vinetis
560 1807 668 1853 satio,
688 1821 805 1857 quum
823 1820 909 1844 vere
927 1806 1080 1844 rubenti

228 1858 398 1896 Candida
416 1859 521 1897 venit
541 1860 631 1905 avis,
649 1860 773 1910 longis
791 1860 914 1897 invisa
932 1860 1092 1898 colubris
1107 1875 1115 1905 3

228 1911 359 1950 Prima
376 1913 436 1950 vel
455 1913 652 1951 auctumni
671 1915 741 1951 sub
761 1914 912 1965 frigora,
933 1927 1050 1964 quum
1068 1912 1220 1963 rapidus
1241 1913 1304 1951 Sol

227 1965 412 2004 Nondum
431 1967 581 2004 hiemen
601 1967 792 2018 contingit
812 1967 927 2018 equis,
942 1968 1023 2018 jam
1041 1967 1210 2017 praeterit
1231 1972 1355 2005 aestas.

226 2018 304 2056 Ver
322 2020 413 2058 adeo
432 2020 556 2058 frondi
574 2034 783 2067 nemorum,
802 2035 867 2059 ver
885 2021 980 2058 utile
999 2021 1102 2058 silvis
1117 2037 1124 2067 ;

226 2071 324 2111 Vere
342 2075 495 2111 tument
514 2076 626 2112 terrae
647 2076 686 2112 et
704 2075 886 2126 genitalia
904 2074 1047 2112 semina
1064 2076 1238 2124 poscunt.

228 2126 327 2163 Tum
346 2129 454 2178 pater
468 2128 708 2178 omnipotens
727 2129 896 2166 fecundis
915 2128 1098 2165 imbribus
1118 2127 1257 2166 AEther

228 2180 409 2232 Conjugis
428 2181 469 2218 in
487 2181 676 2232 gremium
700 2182 798 2220 laetae
818 2182 1023 2228 descendit,
1043 2184 1082 2219 et
1102 2195 1230 2219 omnes

227 2234 390 2285 Magnus
410 2235 490 2282 alit,
508 2249 648 2286 magno
669 2236 897 2273 commixtus
917 2249 1081 2286 corpore,
1100 2235 1213 2273 fetus.

228 2287 326 2326 Avia
343 2291 430 2326 tum
447 2291 625 2327 resonant
645 2290 776 2327 avibus
796 2290 964 2341 virgulta
982 2289 1139 2336 canoris,

229 2340 284 2378 Et
302 2342 487 2380 Venerem
506 2343 618 2380 certis
636 2345 816 2394 repetunt
835 2346 1007 2381 armenta
1025 2343 1156 2381 diebus
1171 2359 1178 2380 :

229 2393 401 2433 Parturit
420 2396 540 2433 almus
560 2410 660 2447 ager,
680 2397 908 2448 zephyrique
925 2397 1146 2448 tepentibus
1166 2396 1265 2434 auris

229 2447 379 2486 Laxant
398 2463 487 2487 arva
504 2450 607 2487 sinus
622 2466 630 2498 3
660 2453 813 2501 superat
831 2454 940 2489 tener
959 2450 1134 2488 omnibus
1153 2450 1311 2487 humor:

231 2500 352 2551 Inque
370 2517 488 2541 novos
508 2503 603 2541 soles
624 2504 765 2542 audent
785 2519 823 2542 se
843 2504 1014 2555 germina
1031 2507 1120 2541 tuto

232 2553 401 2603 Credere,
420 2571 488 2595 nec
506 2557 646 2595 metuit
666 2560 864 2609 surgentes
884 2558 1086 2608 pampinus
1106 2558 1265 2604 austros,

232 2607 314 2645 Aut
333 2611 460 2647 actum
479 2611 573 2649 coelo
592 2611 741 2662 magnis
761 2611 997 2662 aquilonibus
1016 2611 1200 2650 imbrem:

1437 90 1487 127 55
