1674 2775
581 112 771 139 AENEIDos
791 112 874 139 ΠΒ.
893 114 931 139 x.
1315 104 1395 142 347

124 208 239 245 Stant
256 207 347 245 lecti
365 207 507 244 circum
519 207 677 258 juvenes
694 224 702 245 ε
730 207 810 257 ipse
829 220 940 258 aeger,
960 207 1151 256 anhelans,

124 261 232 298 Colla
249 261 365 307 fovet,
379 261 485 298 fusus
503 274 707 311 propexam
725 261 766 298 in
784 264 935 311 pectore
954 261 1133 308 barbam3

123 314 254 351 Multa
272 327 383 364 super
402 314 528 351 Lauso
547 314 703 364 rogitat,
722 315 962 364 multumque
981 315 1160 362 remittit,

123 368 198 414 Qui
215 369 405 413 revocent,
424 367 622 417 maestique
640 367 764 405 ferant
783 368 961 405 mandata
979 369 1158 418 parentis.

122 421 179 458 At
198 420 369 458 Lausum
388 421 478 458 socii
497 421 708 458 exanimem
726 434 837 471 super
856 434 961 458 arma
978 422 1151 459 ferebant

123 474 291 520 Flentes,
309 474 516 524 ingentem,
537 477 649 524 atque
667 474 817 524 ingenti
835 474 989 511 vulnere
1007 475 1166 513 victum.

122 528 296 578 Agnovit
314 528 427 578 longe
445 528 633 578 gemitum
652 540 822 578 praesaga
840 527 932 564 mali
951 541 1070 566 mens.

123 580 314 618 Canitiem
332 581 456 618 multo
476 581 661 618 deformat
679 581 844 630 pulvere,
864 583 903 618 et
923 581 1051 618 ambas

122 634 187 671 Ad
205 634 343 671 coelum
360 634 487 672 tendit
505 634 659 684 palmas,
679 636 717 672 et
737 648 889 684 corpore
907 634 1080 672 inhaeret.

124 687 332 725 “Tantane
350 701 411 725 me
429 688 555 725 tenuit
574 687 736 734 vivendi,
756 690 856 734 nate,
875 687 1062 737 voluptas,

124 740 188 790 Up
207 754 275 791 pro
294 754 353 778 me
371 741 503 778 hostili
520 743 669 791 paterer
686 741 881 778 succedere
900 741 1055 788 dextrae,

124 794 247 840 Quem
266 795 380 845 genui
395 794 412 832 Ρ
441 795 572 832 Tuane
590 794 671 832 haec
690 794 841 845 genitor
858 808 924 844 per
942 795 1099 832 vulnera
1116 808 1253 842 servor,

124 847 255 885 Morte
274 852 342 885 tua
359 847 521 886 vivens?
551 847 652 893 Heu,
672 861 773 885 nunc
792 847 928 885 misero
947 848 1043 885 mihi
1062 848 1214 886 demum

124 900 315 938 Exsilium
332 901 481 938 infelix!
510 915 611 938 nunc
631 901 706 938 alte
725 901 862 938 vulnus
881 901 1080 939 adactum!

125 954 236 991 Idem
254 968 336 1005 ego,
354 957 455 1000 nate,
474 956 585 992 tuum
604 955 790 992 maculavi
809 954 965 992 crimine
983 968 1135 1002 nomen,

125 1007 264 1045 Pulsus
283 1008 331 1046 ob
349 1008 531 1045 invidiam
550 1008 642 1045 solio
662 1008 893 1058 sceptrisque
911 1008 1090 1058 paternis.

124 1060 343 1099 Debueram
361 1061 495 1111 patriae
512 1075 642 1111 peenas
661 1062 829 1111 odiisque
847 1075 1018 1099 meorum
1035 1078 1042 1099 :

126 1114 268 1152 Omnes
287 1128 353 1164 per
371 1117 512 1152 mortes
532 1115 697 1152 animam
717 1118 866 1152 sontem
884 1115 963 1165 ipse
982 1115 1168 1152 dedissem
1184 1116 1191 1153 1

124 1167 242 1205 Nunc
261 1168 368 1206 vivo!
397 1181 517 1217 neque
536 1168 658 1206 adhuc
677 1168 849 1206 homines
868 1168 1065 1218 lucemque
1083 1169 1275 1218 relinquo!

126 1221 201 1258 Sed
217 1221 426 1271 linquam.'’
484 1221 606 1258 Simul
624 1222 695 1259 hoc
715 1222 841 1259 dicens
861 1221 1006 1259 attollit
1024 1222 1064 1259 in
1083 1235 1230 1272 aegrum

126 1274 173 1311 Se
192 1274 314 1312 femur
330 1291 338 1321 ;
365 1276 416 1320 et,
436 1287 665 1324 quamquam
683 1275 740 1312 vis
759 1275 837 1312 alto
855 1275 1010 1312 vulnere
1028 1276 1168 1321 tardat,

125 1328 246 1364 Haud
264 1328 429 1379 dejectus
449 1341 588 1377 equum
608 1328 695 1365 duci
707 1328 830 1379 jubet.
887 1328 974 1366 Hoc
995 1329 1106 1366 decus
1124 1329 1191 1376 illi,

126 1381 215 1418 Hoc
235 1381 402 1419 solamen
421 1384 524 1427 erat3
552 1381 660 1419 bellis
679 1382 751 1419 hoc
769 1383 892 1419 victor
911 1382 1040 1420 abibat

126 1434 325 1473 Omnibus.
379 1435 600 1485 Ailoquitur
618 1437 851 1482 maerentem,
871 1438 911 1473 et
929 1436 1069 1473 talibus
1088 1435 1197 1474 infit:

127 1490 147 1506 ‘⁴
161 1487 322 1535 Rhoebe,
341 1488 518 1525 diu—res
538 1489 569 1525 si
588 1502 662 1538 qua
681 1489 746 1525 diu
764 1489 988 1526 mortalibus
1008 1489 1087 1526 ulla
1105 1492 1217 1526 est—

125 1540 313 1578 Viximus.
367 1542 450 1578 Aut
469 1542 580 1579 hodie
600 1542 723 1579 victor
742 1543 860 1592 spolia
878 1542 943 1579 illa
961 1545 1118 1579 cruenta

125 1594 182 1631 Et
201 1596 315 1645 caput
334 1594 466 1632 AEneae
484 1595 632 1641 referes,
652 1595 841 1645 Lausique
861 1595 1033 1633 dolorum

126 1647 244 1685 Ultor
262 1648 333 1685 eris
352 1662 523 1686 mecum:
553 1650 631 1694 aut,
651 1649 772 1698 aperit
792 1648 822 1685 si
842 1648 946 1685 nulla
964 1649 1066 1685 viam
1085 1648 1155 1693 vis,

127 1700 338 1739 occumbes
356 1702 509 1751 pariter.
566 1702 702 1751 Neque
721 1702 832 1748 enim,
852 1701 1067 1747 fortissime,
1088 1701 1209 1747 credo,

126 1754 155 1791 J
158 1768 245 1792 ussa
263 1755 384 1792 aliena
402 1755 483 1805 pati
502 1757 540 1792 et
560 1755 732 1793 dominos
752 1755 955 1805 dignabere
976 1755 1181 1793 Teucros.'’

126 1807 250 1854 Dixit,
269 1810 309 1846 et
328 1810 506 1858 exceptus
525 1810 633 1859 tergo
654 1811 834 1846 consueta
850 1808 991 1846 locavit

126 1862 314 1908 lNIembra,
334 1875 542 1911 manusque
562 1862 690 1899 ambas
703 1862 838 1912 jaculis
858 1861 1030 1899 oneravit
1049 1860 1182 1907 acutis,

126 1915 218 1952 AEre
238 1917 352 1965 caput
370 1915 534 1965 fulgens,
554 1915 741 1964 cristaque
760 1915 931 1952 hirsutus
951 1915 1098 1964 equina.

126 1968 188 2006 Sic
208 1982 360 2006 cursum
378 1968 418 2005 in
438 1968 580 2006 medios
599 1969 751 2019 rapidus
770 1968 887 2006 dedit.
943 1968 1100 2005 AEstuat
1119 1967 1252 2018 ingens

125 2022 215 2059 Uno
234 2022 274 2058 in
294 2021 404 2059 corde
422 2022 554 2071 pudor,
574 2021 768 2071 mixtoque
786 2021 933 2059 insania
950 2022 1070 2068 luctu,

130 2075 204 2125 [Et
224 2075 350 2112 Furiis
370 2075 539 2125 agitatus
558 2088 674 2121 amor,
694 2078 733 2113 et
753 2075 901 2113 conscia
918 2075 1041 2112 virtus
1055 2074 1084 2125 3]

126 2129 256 2178 Atque
274 2128 336 2166 hic
355 2128 503 2166 AEnean
522 2142 661 2179 magna
678 2131 738 2166 ter
756 2142 846 2166 voce
864 2128 1026 2166 vocavit.

126 2182 479 2232 AEneas—-agnovit
499 2182 840 2232 enim—laetusque
858 2184 1034 2232 precatur
1050 2198 1057 2219 :

127 2238 148 2254 ‘⁶
162 2235 223 2273 Sic
242 2238 350 2285 pater
367 2235 430 2273 ille
448 2235 562 2273 deum
579 2235 704 2282 faciat,
724 2236 776 2274 sic
796 2236 895 2273 altus
914 2235 1051 2286 Apollo
1068 2235 1075 2272 l

128 2288 293 2338 Incipias
313 2289 479 2327 conferre
497 2289 693 2326 manum.”

127 2341 297 2379 Tantum
316 2343 463 2388 effatus,
482 2345 522 2380 et
540 2342 679 2380 infesta
697 2341 800 2379 subit
819 2341 951 2379 obvius
969 2341 1093 2379 hasta.

128 2394 200 2432 Ille
219 2397 369 2433 autem:
399 2398 420 2415 ‘⁶
437 2395 538 2442 Quid
554 2409 615 2433 me
634 2398 775 2446 erepto,
795 2395 1009 2440 saevissime,
1028 2397 1120 2432 nato

129 2447 262 2485 Terres
277 2447 294 2486 Ρ
322 2448 402 2486 haee
421 2449 483 2486 via
502 2449 581 2486 sola
598 2449 683 2495 fuit,
704 2462 778 2498 qua
795 2449 949 2498 perdere
967 2462 1106 2498 posseS.

128 2499 212 2537 Nec
230 2504 394 2538 mortem
411 2502 620 2548 horremus,
639 2515 708 2539 neo
727 2502 857 2539 divum
876 2502 1064 2551 parcimus
1083 2501 1163 2538 ulli.

130 2552 270 2591 Desine
286 2570 294 2591 ε
317 2555 399 2604 jam
417 2555 526 2592 venio
545 2555 765 2600 moriturus,
784 2557 823 2592 et
841 2555 924 2592 haec
942 2555 1015 2592 tibi
1032 2558 1143 2605 porto

129 2606 242 2644 Dona
259 2607 404 2657 prius.’'
462 2608 585 2655 Dixit,
604 2608 798 2658 telumque
815 2607 970 2646 intorsit
988 2608 1029 2645 in
1048 2607 1198 2645 hostem
1212 2622 1220 2653 ;
