1705 2744
221 1050 444 1088 PROTENUS
464 1047 554 1086 aerii
572 1047 694 1085 mellis
714 1047 879 1086 coelestia
897 1048 996 1086 dona

167 1104 386 1153 Exsequar:
415 1103 513 1140 hanc
533 1102 660 1148 etiam,
680 1102 878 1148 Maeeenas,
898 1103 1019 1153 aspice
1037 1105 1196 1153 partem.

166 1157 401 1195 Admiranda
418 1156 491 1193 tibi
509 1155 650 1193 levium
670 1156 883 1206 spectacula
900 1169 1038 1203 rerum,

166 1210 505 1261 Magnanimosque
524 1209 649 1255 duces,
668 1208 864 1258 totiusque
884 1209 1013 1247 ordine
1032 1210 1158 1261 gentis

166 1264 302 1310 Mores,
322 1266 361 1302 et
380 1262 518 1309 studia,
537 1264 576 1300 et
594 1262 765 1313 populos,
785 1266 824 1300 et
842 1263 975 1313 proelia
993 1263 1127 1301 dicam.

167 1317 214 1356 In
235 1318 344 1355 tenui
361 1317 488 1363 labor3
516 1317 556 1353 at
575 1316 702 1353 tenuis
721 1330 798 1354 non
817 1316 949 1367 gloria,
970 1317 1001 1354 si
1020 1330 1135 1367 quem

166 1370 340 1408 Numina
356 1371 453 1408 laeva
472 1369 615 1416 sinunt,
636 1370 817 1419 auditque
836 1373 993 1408 vocatus
1014 1371 1163 1421 Apollo.

221 1424 410 1474 Principio
430 1423 533 1461 sedes
553 1423 688 1474 apibus
708 1423 899 1473 statioque
918 1424 1091 1475 petenda,

168 1477 252 1523 Quo
271 1491 392 1527 neque
411 1478 461 1515 sit
480 1477 603 1514 ventis
623 1477 761 1524 aditus,
785 1477 892 1526 (nam
910 1478 1048 1528 pabula
1065 1477 1171 1516 venti

168 1530 283 1568 Ferre
303 1531 457 1568 domum
475 1530 697 1580 prohibent)
720 1544 841 1581 neque
860 1544 947 1568 oves
966 1531 1141 1581 haedique
1159 1531 1299 1582 petulci

167 1583 345 1622 Floribus
363 1584 560 1630 insultent,
580 1586 647 1621 aut
666 1597 792 1621 errans
811 1584 949 1622 bucula
967 1598 1099 1634 campo

166 1636 350 1674 Decutiat
368 1651 503 1684 rorem,
523 1639 562 1674 et
581 1639 779 1687 surgentes
799 1640 940 1676 atterat
959 1638 1105 1676 herbas.

166 1691 309 1728 Absint
329 1693 368 1728 et
386 1691 481 1741 picti
499 1690 709 1740 squalentia
726 1693 837 1741 terga
854 1691 986 1729 lacerti

165 1743 380 1794 Pinguibus
399 1757 420 1781 a
439 1744 608 1790 stabulis,
628 1757 882 1794 meropesque,
902 1745 1057 1795 aliaeque
1075 1744 1256 1791 volucres,

164 1796 221 1834 Et
241 1797 414 1835 manibus
434 1797 580 1835 Procne
598 1800 730 1847 pectus
750 1798 900 1848 signata
918 1798 1095 1836 cruentis.

165 1850 305 1888 Omnia
323 1864 413 1888 narn
430 1851 507 1888 late
525 1853 690 1897 vastant,
709 1851 881 1901 ipsasque
899 1852 1070 1890 volantes

164 1903 239 1941 Ore
258 1904 386 1942 ferunt
405 1904 553 1942 dulcem
570 1904 668 1941 nidis
687 1904 899 1942 immitibus
917 1919 1051 1943 escam.

162 1957 220 1994 At
238 1957 371 2007 liquidi
389 1958 513 1995 fontes
533 1959 571 1995 et
591 1960 726 2008 stagna
743 1958 906 1996 virentia
922 1972 1052 1996 musco

163 2010 317 2059 Adsint,
337 2013 376 2049 et
394 2011 520 2049 tenuis
539 2011 688 2062 fugiens
706 2025 773 2062 per
791 2012 962 2062 gramina
979 2013 1094 2059 rivus,

163 2063 369 2115 Palmaque
387 2065 619 2102 vestibulum
638 2066 704 2102 aut
723 2065 856 2116 ingens
876 2066 1034 2104 oleaster
1052 2066 1266 2103 inumbret:

162 2117 221 2155 Ut
240 2132 357 2169 quum
376 2118 496 2168 prima
514 2118 605 2156 novi
623 2118 762 2156 ducent
781 2119 951 2157 examina
968 2133 1075 2170 reges

162 2170 260 2209 Vere
279 2186 357 2219 suo,
376 2172 556 2222 ludetque
575 2172 670 2209 favis
689 2172 825 2210 emissa
837 2173 1033 2224 juventus,

162 2223 297 2263 Vicina
313 2226 453 2263 invitet
471 2226 647 2263 decedere
665 2225 746 2276 ripa
765 2226 889 2273 calori,

163 2277 355 2329 Obviaque
374 2279 548 2330 hospitiis
566 2281 696 2317 teneat
715 2280 977 2318 frondentibus
996 2281 1116 2318 arbos

163 2330 212 2369 In
229 2333 407 2380 medium,
427 2346 493 2371 seu
511 2333 630 2370 stabit
648 2333 758 2380 iners,
779 2347 845 2372 seu
862 2335 1024 2385 profluet
1042 2334 1190 2380 humor,

162 2384 407 2424 Transversas
427 2386 556 2424 salices
576 2389 614 2424 et
634 2387 791 2437 grandia
810 2388 950 2439 conjice
969 2401 1068 2434 saxa,

162 2437 350 2477 Pontibus
368 2442 413 2477 ut
433 2440 570 2478 crebris
589 2440 737 2490 possint
756 2442 971 2489 consistere,
987 2444 1026 2479 et
1045 2441 1122 2479 alas

162 2491 331 2531 Pandere
350 2493 397 2531 ad
415 2493 592 2531 aestivum
611 2494 750 2541 solem;
779 2495 811 2532 si
828 2496 926 2533 forte
945 2497 1137 2532 morantes

162 2545 358 2595 Sparserit‚
377 2549 443 2584 aut
460 2560 625 2597 praeceps
644 2548 829 2598 Neptuno
846 2549 1074 2586 immerserit
1092 2561 1214 2586 eurus,

162 2598 259 2637 Haec
279 2599 419 2638 circum
438 2601 546 2638 casiae
565 2601 714 2650 virides,
734 2603 773 2640 et
792 2602 934 2640 olentia
951 2603 1028 2640 late
