1705 2744
227 123 303 162 134
632 134 666 162 Ρ.
686 134 872 163 menn
890 134 1078 164 maome

224 228 408 267 Vadimus
426 228 592 268 immixti
610 229 753 268 Danais
771 230 873 268 haud
891 231 1045 270 numine
1062 233 1206 279 nostro,

224 282 426 332 Multaque
444 295 510 333 per
529 296 668 321 caecam
688 284 873 334 congressi
895 285 1028 335 proelia
1045 287 1197 323 noctem

225 335 488 382 Conserimus;
516 336 656 374 multos
677 337 854 374 Danaum
874 338 1111 376 demittimus
1131 338 1241 377 Orco.

224 389 445 440 Diffugiunt
464 389 527 426 alii
545 389 592 426 ad
610 403 734 437 naves,
755 392 794 427 et
812 390 925 429 litora
943 405 1052 429 cursu

225 443 321 480 Fida
339 444 500 492 petunt3
527 456 613 492 pars
631 443 827 493 ingentem
845 444 1043 482 formidine
1061 445 1165 494 turpi

224 496 420 534 Scandunt
438 509 565 533 rursus
585 509 734 546 equum,
754 498 793 534 et
810 499 904 534 nota
921 498 1136 535 conduntur
1153 498 1193 534 in
1213 497 1308 536 alvo.

277 553 298 569 “
311 549 403 587 Heu
420 549 516 586 nihil
533 549 664 586 invitis
683 550 738 587 fas
757 563 983 600 quemquam
1001 551 1115 588 fidere
1134 551 1249 588 divis!

224 603 324 641 Ecce
341 602 566 640 trahebatur
582 602 700 653 passis
720 603 911 642 Priameia
927 604 1035 655 virgo

222 2045 397 2083 Crinibus
417 2060 439 2084 a
455 2047 600 2097 templo
619 2047 830 2085 Cassandra
847 2047 1047 2097 adytisque
1066 2046 1262 2094 Minervae,

221 2099 284 2136 Ad
302 2100 440 2137 coelum
458 2101 617 2138 tendens
636 2100 807 2138 ardentia
823 2100 968 2137 lumina
985 2101 1137 2144 frustra,

221 2152 540 2199 Lumina‚—nam
558 2156 706 2191 teneras
726 2153 904 2190 arcebant
921 2153 1073 2190 vincula
1089 2152 1245 2203 palmas.

220 2205 312 2243 Non
330 2206 422 2244 tulit
440 2206 537 2244 hanc
556 2206 717 2256 speciem
735 2206 874 2243 furiata
891 2208 1020 2243 mente
1039 2205 1232 2252 Coroebus,

221 2259 278 2297 Et
296 2272 374 2297 sese
392 2259 558 2297 medium
576 2259 707 2310 injecit
724 2259 914 2309 periturus
932 2259 974 2296 in
992 2272 1138 2309 agmen.

223 2312 496 2363 Consequimur
514 2312 653 2359 cuncti,
673 2314 712 2350 et
731 2312 855 2350 densis
873 2312 1099 2350 incurrimus
1119 2312 1244 2350 armis.

223 2365 301 2403 Hie
319 2366 485 2416 primum
503 2379 548 2404 ex
567 2366 645 2404 alto
664 2365 811 2403 delubri
829 2365 993 2403 culmine
1011 2365 1097 2403 telis

221 2419 456 2457 Nostrorum
474 2419 680 2465 obruimur,
701 2418 893 2468 oriturque
912 2418 1122 2456 miserrima
1141 2418 1258 2456 caedes

222 2473 428 2510 Armorum
446 2472 539 2510 faeie
557 2475 596 2510 et
615 2472 815 2510 Graiarum
833 2485 955 2509 errore
967 2472 1158 2522 jubarum.

223 2525 324 2563 Tum
342 2526 466 2564 Danai
484 2526 631 2576 gemitu
650 2528 763 2576 atque
782 2527 918 2575 ereptae
937 2525 1096 2576 virginis
1114 2525 1170 2563 ira

222 2579 401 2630 Undique
420 2578 567 2617 collecti
585 2579 782 2625 invadunt,
802 2578 1004 2616 acerrimus
1021 2578 1131 2629 Ajax,

223 2633 278 2670 Et
296 2632 439 2683 gemini
456 2633 612 2680 Atridae,
632 2632 899 2683 Dolopumque
917 2632 1102 2670 exercitus
1120 2630 1266 2670 omnis:
