1705 2744
7 1711 9 1722 <
0 1135 13 1664 ——aeentffls--u-v-v-V-
0 1048 5 1118 .,-„‚
0 975 1 979 „
0 943 1 947 „
0 887 3 894 Α
2 830 5 835 ,
18 715 21 751 ν-

629 55 817 83 AEmzmos
837 56 920 82 ΠΒ.
940 55 978 83 v.
1360 46 1436 84 197

174 151 377 189 Infindunt
394 150 535 202 pariter
552 149 687 198 sulcos,
705 152 907 201 totumque
925 150 1087 188 dehiscit

175 205 408 242 Convulsum
425 204 538 242 remis
556 204 762 253 rostrisque
780 204 1010 242 tridentibus
1029 217 1166 254 aequor.

174 258 266 296 Non
283 260 365 295 tam
383 257 592 308 praecipites
610 257 740 308 bijugo
760 257 964 295 certamine
983 271 1158 308 campum

175 311 395 361 Corripuere
413 313 604 360 ruuntque
622 311 731 348 effusi
749 324 893 348 carcere
912 324 1064 357 eurrus3

174 364 258 402 Nec
277 364 329 402 sie
347 364 524 402 immissis
544 364 683 414 aurigae
701 364 886 401 undantia
902 363 983 401 lora

175 417 404 455 Concussere
417 417 532 468 jugiS‚
550 417 732 467 pronique
750 417 790 455 in
808 418 964 455 verbera
981 417 1157 467 pendent.

175 470 277 509 Tum
293 471 428 521 plausu
445 471 673 521 fremituque
691 471 816 508 virum
835 470 1043 521 studiisque
1061 471 1258 508 faventum

176 523 369 562 Consonat
388 538 499 562 omne
517 538 661 571 nemus,
681 538 885 575 vocemque
903 524 1049 562 inclusa
1065 524 1244 562 volutant

175 577 331 624 Litora3
359 578 500 628 pulsati
519 578 629 615 colles
649 577 809 615 elamore
828 577 1027 615 resultant.

176 631 327 681 Effugit
345 633 434 668 ante
453 631 555 678 alios,
574 631 779 681 primisque
798 631 959 669 elabitur
976 631 1088 668 undis

176 684 345 722 Turbam
362 684 463 722 inter
480 684 749 735 fremitumque
769 685 895 735 Gyas;
923 698 1036 735 quem
1055 683 1189 722 deinde
1208 683 1418 721 Cloanthus

176 737 441 788 Consequitur,
459 738 591 775 melior
609 739 721 776 remis
736 754 744 784 3
773 739 838 776 sed
856 738 1019 788 pondere
1038 738 1150 788 pinus

177 790 302 828 Tarda
319 793 439 829 tenet.
495 791 590 829 Post
609 792 678 829 hos
697 805 802 842 aequo
821 791 1034 834 discrimine
1054 791 1191 828 Pristis

177 843 463 894 Centaurusque
481 844 607 882 locum
625 845 791 882 tendunt
811 859 985 895 superare
1002 845 1164 895 priorem
1180 860 1188 890 ;

176 897 232 935 Et
251 911 352 935 nune
372 898 509 935 Pristis
527 898 655 945 habet,
674 912 775 936 nune
794 899 936 936 victam
954 898 1123 949 praeterit
1142 898 1275 948 ingens

177 950 412 998 Centaurus3
439 965 540 989 nunc
558 965 635 989 una
653 952 772 989 ambae
786 952 1004 1002 junctisque
1023 952 1198 989 feruntur

177 1004 398 1050 Frontibus,
418 1007 457 1042 et
475 1005 590 1055 longa
608 1005 756 1043 sulcant
775 1006 872 1043 vada
891 1006 987 1043 salsa
1005 1006 1140 1043 carina.

177 1057 342 1108 Jamque
360 1058 664 1109 propinquabant
684 1059 848 1109 scopulo,
868 1062 1084 1109 metamque
1102 1058 1308 1096 tenebant:

1085 1504 1101 1513 i
1193 1481 1350 1531 ΥΞ

931 1522 1334 1624 ᾏὪχχέ,

1144 1598 1226 1607 fr*-

1129 1601 1242 1631 Agra(

173 1804 272 1842 Cum
290 1805 462 1856 princeps
481 1805 679 1856 medioque
699 1806 803 1857 Gyas
821 1805 861 1843 in
880 1805 1033 1856 gurgite
1051 1805 1175 1843 victor

173 1858 378 1896 Rectorem
396 1859 504 1896 navis
523 1859 724 1909 compellat
743 1873 834 1897 voce
854 1859 1075 1897 Menoeten:

172 1915 194 1931 ‘⁶
208 1912 293 1958 Quo
311 1914 467 1949 tantum
485 1912 581 1949 mihi
601 1913 732 1950 dexter
751 1912 862 1950 abis?
891 1912 966 1950 huc
985 1913 1105 1963 dirige
1124 1925 1317 1963 gressum3

173 1964 286 2002 Litus
305 1979 401 2011 ama,
421 1967 460 2003 et
479 1965 590 2003 laevas
611 1966 778 2016 stringat
798 1966 877 2003 sine
895 1965 1061 2016 palmula
1079 1968 1230 2012 cautes3

172 2019 310 2056 Altum
329 2019 393 2056 alii
410 2019 608 2056 teneant.”
666 2019 789 2056 Dixit.
845 2019 918 2056 Sed
937 2033 1037 2056 caeca
1056 2019 1246 2057 Menoetes

173 2072 271 2109 Saxa
287 2072 428 2110 timens
447 2085 597 2122 proram
615 2073 739 2123 pelagi
759 2073 959 2122 detorquet
978 2072 1024 2109 ad
1044 2073 1175 2110 undas.

174 2128 195 2144 “
209 2126 292 2172 Quo
312 2125 480 2163 diversus
501 2126 579 2163 abis
595 2125 639 2164 ?''
670 2126 831 2163 iterum:
861 2129 882 2145 ‘⁶
895 2129 982 2176 pete
1001 2139 1100 2172 saxa,
1120 2126 1330 2173 Menoete,”

175 2177 272 2216 Cum
291 2179 452 2217 clamore
474 2179 578 2230 Gyas
596 2180 819 2226 revocabat;
848 2181 887 2217 et
906 2193 990 2217 ecce
1010 2179 1245 2217 Cloanthum

173 2231 345 2282 Respicit
363 2232 573 2270 instantem
591 2235 701 2284 tergo
721 2236 759 2271 et
777 2233 952 2284 propiora
970 2236 1178 2271 tenentem.

174 2284 246 2322 Ille
263 2285 364 2323 inter
381 2299 590 2336 navemque
610 2287 703 2337 Gyae
723 2287 968 2337 scopulosque
987 2290 1164 2325 sonantes

174 2337 294 2376 Radit
312 2338 386 2376 iter
402 2339 541 2376 laevum
558 2339 727 2387 interior,
747 2341 947 2390 subitoque
965 2340 1129 2390 priorem

175 2390 364 2439 Praeterit,
383 2395 422 2430 et
441 2393 553 2430 metis
571 2396 679 2431 tenet
699 2407 848 2444 aequora
865 2396 953 2431 tuta
971 2394 1124 2431 relictis.

176 2443 277 2481 Tum
294 2458 382 2483 vero
402 2446 540 2483 exarsit
553 2446 685 2496 juveni
704 2447 810 2485 dolor
827 2447 973 2485 ossibus
990 2447 1126 2498 ingens
1141 2463 1149 2493 ;

176 2496 217 2533 Ν
220 2510 260 2534 ec
278 2497 442 2536 lacrimis
462 2512 612 2538 caruere
632 2513 740 2550 genae
756 2517 764 2547 ;
793 2514 1021 2550 segnemque
1041 2501 1251 2546 Menoeten,

178 2549 332 2588 Oblitus
351 2551 567 2603 decorisque
587 2553 647 2591 sui
665 2554 882 2604 sociumque
902 2554 1047 2601 salutis,
