1674 2775
221 83 299 120 398
625 92 661 118 P.
680 91 867 118 VIRGILII
885 92 1073 120 MARoms

277 187 354 225 Olli
373 187 569 225 subridens
587 187 788 224 hominum
807 201 1006 238 rerumque
1025 191 1217 238 repertor:

223 244 244 260 “
259 241 314 278 Et
333 254 513 292 germana
532 241 559 277 J
562 240 653 287 ovis,
675 241 902 290 Saturnique
922 242 1040 279 altera
1057 242 1192 292 proleS‚

219 294 370 332 Irarum
389 296 521 332 tantos
541 294 661 331 volvis
681 295 750 331 sub
770 297 921 344 pectore
940 295 1079 332 fluctus
1096 295 1113 334 Ρ

219 348 363 386 Verum
382 361 462 398 age,
482 350 520 385 et
539 347 733 397 inceptum
753 348 894 385 frustra
913 348 1097 386 submitte
1116 348 1293 387 furorem.

218 401 293 448 Do,
313 402 412 452 quod
432 401 511 447 vis3
540 403 579 438 et
598 414 658 439 me
676 401 876 450 victusque
895 401 1099 452 volensque
1118 403 1288 441 remitto.

218 455 439 492 Sermonem
457 454 619 492 Ausonii
637 454 806 504 patrium
825 468 1022 504 moresque
1042 455 1252 503 tenebunt3

217 508 349 558 thue
369 510 439 554 est,
458 521 598 545 nomen
617 508 688 545 erit
704 524 711 553 ;
740 508 937 545 commixti
957 522 1110 558 corpore
1128 511 1283 546 tantum

217 561 423 599 Subsident
443 561 590 599 Teucri.
647 561 799 599 Morem
814 561 984 611 ritusque
1004 575 1196 600 sacrorum

215 614 416 665 Adjiciam,
436 615 644 664 faciamque
664 628 793 652 omnes
812 628 888 652 uno
909 628 971 652 ore
991 615 1162 653 Latinos.

216 668 321 706 Hinc
340 682 458 718 genus
477 668 647 705 Ausonio
666 667 831 705 mixtum
850 668 950 718 quod
969 669 1150 718 sanguine
1169 672 1311 719 surget,

216 721 338 771 Supra
356 721 539 767 homines,
559 735 671 771 supra
688 721 741 758 ire
761 722 848 759 deos
868 721 1010 772 pietate
1029 722 1195 769 videbis3

214 774 298 812 Nec
317 788 410 825 gens
429 775 507 812 ulla
525 777 612 812 tuos
634 788 740 825 aeque
760 775 963 812 celebrabit
983 775 1185 813 honores.”

213 828 364 865 Annuit
383 828 442 865 his
462 828 490 865 J
492 842 579 875 uno,
599 830 638 865 et
657 830 826 866 mentem
844 828 976 865 laetata
994 829 1161 866 retorsit.

213 881 368 919 Interea
385 882 531 919 excedit
550 882 656 927 coelo,
674 882 888 932 nubemque
906 881 1071 931 reliquit.

268 935 342 972 His
363 935 468 981 actis,
488 935 591 972 aliud
612 935 770 972 Genitor
789 949 915 972 secum
933 935 1012 985 ipse
1031 935 1194 983 volutat,

213 987 498 1037 -Juturnamque
516 991 625 1038 parat
644 988 770 1026 fratris
791 989 982 1026 dimittere
1002 989 1048 1026 ab
1068 989 1193 1026 armis.

212 1041 407 1080 Dicuntur
426 1042 588 1093 geminae
606 1044 730 1092 pestes
749 1042 973 1092 cognomine
992 1042 1110 1089 Dirae,

212 1095 314 1141 Quas
334 1098 373 1133 et
393 1096 612 1133 Tartaream
631 1096 722 1133 Nox
740 1096 970 1146 intempesta
989 1095 1202 1146 Megaeram

212 1148 301 1186 Uno
321 1149 525 1199 eodemque
544 1149 636 1186 tulit
655 1152 778 1199 partu,
798 1149 1023 1199 paribusque
1041 1149 1205 1187 revinxit

212 1201 440 1252 Serpentum
460 1202 581 1252 spiris,
600 1205 849 1252 ventosasque
869 1203 1015 1240 addidit
1035 1203 1124 1240 alas.

212 1255 288 1292 Hae
308 1255 337 1292 J
339 1255 419 1293 ovis
439 1256 487 1293 ad
506 1256 653 1301 solium,
673 1256 838 1305 saevique
857 1256 897 1293 in
915 1256 1045 1293 limine
1064 1255 1176 1306 regis,

211 1309 421 1358 Apparent,
442 1311 657 1359 acuuntque
677 1311 824 1346 metum
843 1309 1066 1346 mortalibus
1086 1308 1210 1359 aegriS‚

212 1362 252 1398 Si
272 1363 422 1410 quando
441 1362 562 1400 letum
580 1362 800 1400 horrificum
819 1363 1044 1412 morbosque
1064 1362 1178 1399 deum
1197 1375 1263 1399 rex

212 1415 387 1461 Molitur‚
408 1415 562 1453 meritas
583 1418 649 1453 aut
668 1415 766 1453 bello
784 1415 938 1453 territat
957 1416 1080 1452 urbes.

210 1468 365 1506 Harum
383 1482 499 1506 unam
519 1469 677 1506 celerem
696 1469 848 1506 demisit
867 1469 913 1506 ab
933 1469 1072 1505 aethere
1092 1482 1239 1505 summo

210 1522 378 1572 Jupiter,
398 1522 511 1572 inque
531 1535 640 1560 omen
662 1521 689 1558 J
691 1524 843 1559 uturnae
863 1535 1055 1559 occurrere
1070 1521 1197 1572 jussit.

209 1575 285 1612 Illa
302 1576 418 1622 volat,
438 1576 621 1625 celerique
640 1575 687 1612 ad
705 1577 846 1613 terram
865 1575 1017 1612 turbine
1036 1575 1180 1612 fertur:

207 1629 301 1666 Non
320 1643 425 1666 secus
445 1643 487 1666 ac
506 1642 621 1666 nervo
640 1642 706 1678 per
724 1629 866 1666 nubem
883 1628 1046 1678 impulsa
1064 1628 1218 1678 sagitta,

206 1682 410 1719 Armatam
429 1682 518 1719 saevi
537 1682 705 1719 Parthus
726 1696 839 1731 quam
857 1682 941 1719 felle
960 1681 1105 1728 veneni,

207 1736 388 1783 Parthus,
408 1735 485 1773 sive
506 1735 652 1786 Cydon,
671 1735 793 1773 telum
810 1735 1096 1780 immedicabile,
1116 1734 1241 1781 torsit,

209 1789 380 1826 Stridens
401 1792 440 1827 et
460 1789 595 1827 celeres
614 1788 812 1839 incognita
829 1788 999 1827 transilit
1017 1788 1182 1826 umbras.

209 1842 312 1880 Talis
332 1856 370 1880 se
390 1845 473 1880 sata
491 1843 619 1880 Nocte
638 1842 744 1889 tulit,
763 1844 957 1892 terrasque
976 1841 1126 1892 petivit.

208 1895 420 1945 Postquam
440 1896 536 1934 acies
554 1895 660 1933 videt
680 1895 815 1933 Iliacas
834 1898 948 1946 atque
967 1894 1120 1945 agmina
1138 1893 1270 1941 Turni,

208 1949 326 1987 Alitis
344 1949 385 1986 in
403 1963 527 1999 parvae
547 1949 714 1986 subitam
733 1949 890 1987 collecta
906 1949 1081 1999 figuram,

210 2003 302 2049 Quae
323 2003 515 2053 quondam
533 2002 574 2039 in
592 2002 715 2040 bustis
735 2006 802 2040 aut
823 2002 1050 2040 culminibus
1070 2000 1227 2038 desertis

208 2056 336 2094 Nocte
356 2056 487 2094 sedens
507 2069 633 2094 serum
651 2055 754 2093 canit
774 2056 994 2106 importuna
1011 2068 1078 2106 per
1096 2054 1273 2102 umbras3

208 2109 323 2147 Hanc
341 2123 449 2147 versa
466 2110 507 2146 in
525 2109 659 2147 faciem
679 2109 800 2146 Turni
818 2123 857 2147 se
875 2109 993 2159 pestis
1013 2109 1060 2146 ob
1080 2121 1146 2146 ora

209 2162 377 2213 Fertque
396 2163 586 2212 refertque
605 2176 753 2209 sonaim,
773 2163 1008 2213 clipeumque
1028 2161 1221 2199 everberat
1240 2160 1319 2198 alis.

208 2215 275 2253 Illi
293 2216 464 2254 membra
481 2230 601 2253 novus
620 2216 734 2253 solvit
754 2216 954 2254 formidine
972 2218 1103 2265 torpor
1119 2231 1128 2262 3

207 2269 453 2319 Arrectaeque
470 2269 625 2307 horrore
644 2282 773 2315 comae>
792 2271 831 2306 et
849 2283 924 2306 vox
942 2269 1111 2306 faucibus
1130 2266 1254 2305 haesit.

208 2323 264 2360 At
283 2323 414 2373 procul
432 2325 477 2360 ut
496 2322 599 2360 Dirae
620 2323 821 2360 stridorem
840 2322 998 2372 agnovit
1018 2324 1056 2360 et
1075 2321 1164 2368 alas,

208 2375 348 2414 Infelix
367 2376 486 2414 crines
506 2376 644 2414 scindit
664 2376 691 2413 J
694 2378 836 2413 utmna
854 2375 1011 2421 solutos,

207 2429 413 2479 Unguibus
433 2443 497 2467 ora
515 2443 576 2466 sor
578 2443 619 2467 or
637 2429 794 2477 foedans,
814 2431 853 2466 et
871 2431 1025 2479 pectora
1042 2426 1204 2478 pugnis:

209 2484 230 2502 ‘⁶
247 2482 347 2529 Quid
365 2497 466 2520 nunc
484 2485 524 2520 te
542 2485 622 2529 tua,
642 2483 780 2529 Turne,
799 2484 927 2533 potest
946 2494 1126 2532 germana
1137 2480 1294 2530 juvaime
1285 2479 1302 2508 9

207 2536 291 2573 Aut
311 2536 428 2586 quid
413 2550 495 2586 jam
515 2536 615 2573 durae
635 2513 786 2586 superat
805 2535 924 2573 mihi.
914 2535 931 2563 ἵ)
960 2548 1034 2585 qua
1051 2534 1124 2572 tibi
1141 2534 1264 2571 lucem

209 2590 305 2627 Arte
324 2588 478 2629 morer?
506 2589 614 2627 talin’
635 2603 791 2641 possum
809 2603 870 2627 me
890 2601 1076 2639 opponere
1094 2589 1265 2626 monstro
1284 2586 1300 2625 ?
