1705 2744
266 127 340 164 150
666 138 700 164 P.
720 136 905 164 VIRGILH
924 137 1111 165 MARONIS

264 231 432 277 Laetiffia,
452 234 490 268 et
510 231 647 278 cuncti,
667 246 751 281 quae
772 232 848 269 sint
867 245 910 269 ea
928 232 1075 278 moenia,
1096 234 1294 281 quaerunt3

265 285 346 331 Quo
369 284 534 322 Phoebus
554 288 663 322 vocet
681 287 859 331 erranteS,
869 285 1074 336 jubeatque
1092 285 1241 322 reverti.

264 338 363 374 Tum
382 338 542 388 genitor,
561 340 732 375 veterum
751 338 904 376 volvens
924 340 1170 375 monumenta
1186 338 1364 385 Virorum,

264 394 272 409 ‘
286 391 439 437 Audite,
459 404 480 428 0
499 392 691 441 p1·oee1·es,’
714 391 778 437 ait,
799 394 807 410 ‘
821 393 860 428 et
879 405 960 441 spes
980 391 1111 428 discite
1129 393 1285 429 vestras.

266 443 379 481 Creta
397 444 423 480 J
427 444 505 481 ovis
524 444 653 494 magni
672 444 794 482 medio
807 444 909 494 jacet
927 444 1049 482 insula
1066 447 1194 495 pont0‚

263 1817 378 1855 Mons
398 1817 521 1855 Idaeus
539 1818 605 1856 ubi
624 1820 662 1856 et
681 1818 806 1869 gentis
825 1817 1009 1856 cunabula
1026 1820 1187 1856 nostrae:

264 1871 429 1908 Centum
447 1872 556 1909 urbes
574 1872 752 1909 habitant
771 1885 939 1921 magnas,
958 1871 1147 1909 uberrima
1164 1885 1291 1922 regna.

263 1923 456 1961 Maximus
474 1925 573 1962 unde
591 1928 710 1975 pater,
730 1925 762 1962 si
779 1925 852 1962 rite
871 1924 1000 1962 audita
1017 1925 1200 1971 recordor,

264 1977 428 2014 Teucrus
448 1977 630 2015 Rhoeteas
648 1978 813 2028 primum
833 1980 891 2015 est
910 1978 1088 2015 advectus
1107 1978 1155 2015 ad
1174 1991 1267 2024 oras⁷

264 2029 495 2080 Optavitque
513 2031 639 2068 locum
656 2044 785 2081 regno.
841 2031 1024 2068 Nondum
1043 2030 1160 2067 Ilium
1178 2033 1217 2068 et
1236 2043 1337 2068 arces

263 2082 478 2133 Pergameae
497 2085 705 2129 steterant3
733 2084 957 2121 habitabant
976 2083 1135 2120 vallibus
1154 2083 1251 2121 imis.

262 2135 367 2173 Hinc
386 2138 507 2173 mater
526 2136 663 2173 cultrix
683 2136 846 2186 Cybelae,
867 2136 1169 2186 Corybantiaque
1187 2149 1272 2183 aera,

263 2188 485 2239 Idaeumque
503 2202 635 2227 nemus
650 2205 658 2235 3
685 2189 773 2226 hinc
792 2190 868 2226 fida
886 2188 1035 2226 silentia
1053 2189 1176 2236 saeris,

264 2242 319 2279 Et
332 2242 459 2292 juncti
477 2256 628 2280 currum
647 2242 808 2279 dominae
828 2242 971 2279 subiere
990 2241 1125 2279 leones.

263 2295 369 2345 Ergo
388 2295 500 2345 agite,
520 2297 558 2333 et
578 2295 707 2332 divum
727 2295 870 2332 ducunt
890 2308 962 2344 qua
974 2295 1090 2345 jussa,
1110 2308 1331 2344 sequamur:

262 2348 458 2386 Placemus
476 2350 621 2393 ventos,
642 2351 680 2385 et
700 2347 841 2385 Gnosia
858 2361 974 2398 regna
992 2351 1177 2397 petamus.

261 2401 344 2439 Nee
363 2402 476 2452 longo
495 2402 639 2439 distant
658 2415 790 2448 eursu3
818 2401 929 2438 modo
949 2400 1102 2451 Jupiter
1121 2400 1231 2447 adsit,

262 2454 392 2492 Tertia
409 2455 474 2492 lux
493 2454 649 2492 classem
669 2454 826 2492 Cretaeis
846 2454 955 2491 sistet
974 2454 1014 2490 in
1033 2454 1131 2491 oris!

263 2507 323 2545 Sic
342 2508 453 2554 fatus,
473 2508 626 2545 meritos
646 2507 718 2545 aris
737 2507 919 2545 mactavit
937 2507 1109 2554 honores,

261 2561 430 2598 Taurum
449 2561 643 2611 Neptuno,
661 2563 815 2598 taurum
832 2560 915 2606 tibi,
934 2560 1089 2610 pulcher
1108 2559 1255 2610 Apollo,

261 2614 423 2665 Nigram
443 2614 574 2652 Hiemi
592 2614 784 2665 pecudem,
804 2613 984 2664 Zephyris
1003 2613 1172 2651 felicibus
1191 2613 1326 2650 albam.
