1674 2775
270 92 347 130 296
675 108 710 134 P.
731 108 919 136 VIRGILII
937 110 1136 138 mnoms.

270 1049 324 1085 Et
344 1048 457 1086 scissa
475 1049 643 1099 gaudens
662 1050 768 1088 vadit
787 1050 987 1088 Discordia
1004 1053 1124 1102 palla:

269 1102 393 1148 Quam
413 1116 498 1140 cum
518 1103 724 1153 sanguineo
744 1105 914 1154 sequitur
933 1105 1092 1144 Bellona
1108 1107 1268 1157 flagello.

268 1155 404 1193 Actius
423 1156 503 1193 haec
523 1170 676 1194 cernens
696 1171 823 1194 arcum
842 1158 1064 1196 intendebat
1084 1161 1220 1210 Apollo

267 1208 460 1258 Desuper:
490 1210 612 1247 omnis
632 1223 674 1247 eo
693 1213 835 1248 terrore
855 1211 1049 1261 AEgyptus
1069 1216 1107 1250 et
1127 1214 1227 1261 Indi,

268 1261 402 1299 Omnis
423 1262 557 1307 Arabs,
577 1276 707 1300 omnes
726 1265 926 1301 vertebant
945 1268 1054 1315 terga
1074 1266 1204 1304 Sabaei.

267 1314 358 1364 Ipsa
376 1315 577 1352 videbatur
594 1317 719 1353 ventis
738 1317 869 1367 regina
886 1318 1030 1355 vocatis

265 1367 361 1405 Vela
379 1369 477 1414 (lare,
498 1371 536 1406 et
554 1369 658 1405 laxos
672 1369 752 1419 jam
766 1370 920 1420 jamque
940 1371 1148 1409 immittere
1168 1373 1288 1410 funes.

272 1421 382 1457 [Ham
400 1421 501 1458 inter
520 1422 637 1459 caedes
656 1423 861 1472 pallentem
881 1426 1003 1461 morte
1023 1425 1153 1462 futura

268 1473 426 1511 Fecerat
444 1474 661 1525 ignipotens
680 1476 791 1513 undis
811 1479 850 1513 et
870 1476 1015 1527 Iapyge
1034 1477 1143 1524 serri3

267 1526 411 1564 Contra
429 1531 556 1565 autem
577 1541 716 1577 magno
735 1532 954 1566 maerentem
975 1544 1126 1580 corpore
1147 1531 1292 1578 Nilum,

266 1579 577 1630 Pandentemque
597 1581 712 1628 sinus,
732 1584 770 1618 et
789 1584 874 1619 tota
891 1585 997 1620 veste
1015 1586 1215 1621 vocantem

266 1632 478 1671 Caeruleum
496 1634 537 1670 in
555 1635 743 1684 gremium
762 1635 1020 1685 latebrosaque
1039 1636 1195 1674 flumina
1212 1637 1345 1676 victos.

265 1688 321 1723 At
340 1686 479 1732 Caesar,
498 1687 639 1737 triplici
657 1688 830 1725 invectus
853 1687 1028 1726 Romana
1044 1689 1241 1740 triumpho

266 1739 423 1786 Moenia,
443 1740 500 1776 dis
520 1740 631 1777 Italis
652 1744 785 1778 votum
803 1741 1017 1780 immortale
1036 1744 1219 1789 sacrabat,

266 1792 438 1830 Maxima
456 1796 671 1831 tercentum
690 1796 814 1831 totam
834 1795 989 1832 delubra
1006 1809 1072 1845 per
1091 1796 1249 1835 Urbem.

266 1845 422 1883 Laetitia
439 1846 611 1896 ludisque
629 1847 700 1884 viae
719 1848 927 1898 plausuque
945 1849 1156 1887 fremebant
1171 1866 1178 1896 ;

266 1898 452 1936 Omnibus
470 1900 510 1936 in
529 1900 682 1950 templis
702 1903 869 1937 matrum
888 1902 1036 1948 chorus,
1057 1903 1231 1941 omnibus
1250 1916 1344 1949 arae3

265 1954 369 1989 Ante
388 1966 470 1989 aras
488 1955 628 1990 terram
649 1954 733 1990 caesi
753 1957 918 1992 stravere
931 1955 1095 2005 juvenci.

266 2004 354 2054 Ipse
375 2006 506 2043 sedens
524 2006 634 2043 niveo
656 2007 851 2044 candentis
870 2008 1000 2045 limine
1021 2008 1157 2046 Phoebi

265 2057 378 2095 Dona
396 2059 632 2108 recognoscit]
651 2060 888 2110 populorum,
910 2063 1091 2111 aptatque
1111 2061 1279 2112 superbis

265 2111 466 2158 Postibus;
494 2112 675 2149 incedunt
693 2113 806 2150 victae
826 2113 940 2164 longo
959 2115 1088 2152 ordine
1106 2117 1252 2165 gentes,

265 2164 387 2210 Quam
405 2164 518 2201 variae
535 2165 687 2215 linguis,
706 2165 842 2202 habitu
859 2169 941 2203 tam
959 2167 1075 2204 vestis
1095 2170 1134 2204 et
1153 2167 1278 2204 armis.

264 2217 344 2255 Hic
364 2217 583 2254 Nomadum
603 2231 722 2268 genus
742 2221 781 2255 et
800 2219 1002 2256 discinctos
1023 2220 1212 2257 Mulciber
1231 2220 1355 2266 Afros,

264 2270 344 2308 Hic
362 2270 522 2321 Lelegas
542 2271 729 2321 Carasque
749 2271 1054 2322 sagittiferosque
1074 2273 1237 2310 Gelonos

265 2323 447 2361 Finxerat
464 2341 471 2362 ε
501 2324 717 2374 Euphrates
737 2324 817 2362 ibat
830 2325 911 2375 jam
931 2326 1079 2363 mollior
1096 2326 1219 2371 undis,

264 2377 513 2427 Extremique
532 2377 731 2415 hominum
749 2378 899 2424 Morini⁷
919 2378 1151 2429 Rhenusque
1170 2378 1354 2425 bicornis;

265 2430 524 2481 Indomitique
543 2430 675 2476 Dahae,
695 2433 734 2468 et
752 2433 908 2480 pontem
925 2431 1147 2482 indignatus
1166 2433 1320 2470 Araxes.

263 2483 370 2521 Talia
388 2497 454 2533 per
473 2484 635 2534 clipeum
652 2484 814 2521 Vulcani
832 2484 930 2522 dona
948 2485 1114 2534 parentis

263 2536 442 2583 Miratur,
461 2550 660 2587 rerumque
678 2537 833 2588 ignarus
855 2537 1020 2588 imagine
1040 2538 1192 2588 gaudet,

262 2590 457 2628 Attollens
475 2590 633 2628 humero
651 2590 866 2642 famamque
885 2593 924 2628 et
942 2591 1022 2629 fata
1039 2593 1234 2642 nepotum.
