1705 2744
255 101 330 138 108
660 114 696 140 P.
713 113 899 140 vmfflnn
918 112 1106 140 MARONIS

253 205 384 243 Tertia
401 206 492 245 dum
511 206 624 245 Latio
642 210 865 258 regnantem
882 207 1020 246 viderit
1039 209 1159 254 aestas,

253 259 449 310 Ternaque
467 260 686 298 transierint
706 261 861 299 Rutulis
878 261 1036 299 hiberna
1053 260 1230 298 subactis.

253 312 308 350 At
327 325 419 361 puer
436 312 633 360 Ascanius,
652 314 713 351 cui
731 328 831 352 nunc
850 327 1059 365 cognomen
1078 313 1164 351 Iulo

256 365 452 414 [Additur‚
472 366 552 403 Ilus
571 368 663 413 erat,
683 367 773 404 dum
791 381 849 405 res
869 367 979 405 stetit
998 366 1071 404 Ilia
1087 366 1233 417 regno‚]

253 418 430 468 Triginta
448 432 604 469 magnos
623 419 817 457 volvendis
836 420 1026 457 mensibus
1045 419 1152 457 orbes

253 470 419 521 Imperio
438 472 613 522 explebit,
632 486 864 523 regnumque
883 473 929 510 ab
949 472 1033 510 sede
1052 472 1189 509 Lavini

253 524 480 571 Transferet‚
499 527 538 563 et
556 526 709 575 longam
728 526 850 563 multa
866 526 905 562 vi
924 525 1070 563 muniet
1088 525 1238 562 Albam.

252 576 330 614 Hic
343 577 424 628 jam
442 580 502 615 ter
521 580 674 616 centum
692 581 795 616 totos
814 578 1035 628 regnabitur
1053 591 1170 615 annos

252 629 377 668 Gente
395 631 464 668 sub
484 631 685 679 Hectorea,
705 632 821 669 donec
840 632 970 682 regina
988 631 1157 668 sacerdos

253 683 382 721 Marte
401 685 525 734 gravis
544 685 735 735 geminam
753 689 866 735 partu
884 684 989 722 dabit
1009 684 1082 721 Ih‘a
1099 683 1254 734 prolem.

252 735 347 773 Inde
366 737 463 786 lupae
482 737 584 775 fulvo
602 738 761 775 nutricis
779 738 948 788 tegmine
966 738 1076 774 laetus

251 789 438 827 Romulus
458 791 616 841 excipiet
635 793 800 841 gentem,
821 794 860 828 et
879 789 1068 827 Mavortia
1086 789 1223 827 condet

249 842 402 889 Moenia,
422 843 688 894 Romanosque
707 858 774 882 suo
794 845 839 881 de
858 844 1011 881 nomine
1031 843 1142 880 dicet.

250 895 327 932 His
346 909 416 946 ego
435 910 503 934 nec
520 899 641 935 metas
660 911 785 935 rerum
804 911 872 934 nec
890 899 1063 946 tempora
1080 908 1202 946 pono;

250 948 461 998 Imperium
480 950 558 987 sine
577 951 651 988 fine
670 951 766 988 dedi.
823 950 923 997 Quin
943 962 1073 999 aspera
1091 948 1118 985 J
1120 962 1208 994 uno,

250 1001 346 1048 Quae
364 1015 465 1040 mare
484 1017 584 1041 nunc
603 1006 795 1054 terrasque
814 1006 922 1041 metu
941 1002 1152 1052 coelumque
1171 1001 1322 1052 fatigat,

251 1054 415 1093 Consilia
432 1056 473 1093 in
495 1057 628 1094 melius
647 1057 794 1104 referet,
813 1069 1035 1106 mecumque
1053 1054 1197 1093 fovebit

250 1107 455 1156 Romanos,
473 1123 599 1147 rerum
618 1110 800 1157 dominos,
819 1113 1047 1161 gentemque
1065 1110 1250 1159 togatam.

239 2299 300 2336 Sic
319 2298 513 2348 placitum.
568 2297 706 2335 Veniet
724 2297 856 2335 lustris
875 2297 1088 2335 labentibus
1109 2300 1214 2344 aetas,

239 2352 367 2398 Quum
386 2351 519 2389 domus
539 2350 711 2388 Assaraci
730 2350 915 2388 Phthiam
934 2351 1123 2400 clarasque
1143 2351 1326 2402 Mycenas

239 2404 401 2442 Servitio
420 2405 577 2454 premet,
597 2417 638 2441 ac
657 2403 767 2441 victis
787 2404 1043 2441 dominabitur
1061 2404 1197 2454 Argis?

238 2458 430 2495 Nascetur
447 2457 605 2507 pulchra
623 2456 808 2507 Trojanus
828 2456 971 2507 origine
991 2456 1127 2504 Caesar,

239 2510 450 2561 Imperium
469 2523 618 2556 oceano,
637 2510 777 2547 famam
797 2510 861 2560 qui
878 2510 1060 2548 terminet
1079 2510 1203 2557 astris,

241 2564 379 2611 Julius,
399 2577 421 2601 a
439 2577 577 2614 magno
598 2563 802 2601 demissum
820 2577 958 2601 nomen
978 2563 1076 2601 Iulo.
