1674 2775
190 115 269 153 390
599 126 635 152 P.
655 125 844 152 VIRGILII
871 125 1062 153 111-11101115

190 220 246 258 Et
259 220 441 271 juvenem
460 233 615 258 exosum
632 221 889 271 nequidquam
906 220 1006 259 bella
1023 221 1223 260 Menoeten

190 274 361 312 Arcada:
389 274 547 324 piscosae
567 274 627 311 cui
647 275 788 312 circum
806 274 964 312 flumina
981 274 1118 313 Lernae

190 328 265 364 Ars
284 327 419 374 fuerat,
437 340 654 378 pauperque
673 328 808 365 domus
823 344 831 374 3
858 341 928 366 1100
945 330 1039 366 nota
1056 331 1261 379 potentum

191 381 366 427 Limina;
395 381 657 431 conductaque
674 384 784 432 pater
801 381 937 419 tellure
957 382 1116 419 serebat.

189 436 248 472 Ac
266 434 372 472 velut
391 433 553 472 immissi
571 434 726 472 diversis
745 435 917 485 partibus
935 434 1043 485 ignes

190 489 376 526 Arentem
394 488 435 525 in
454 487 590 525 silvam
608 490 648 525 et
666 488 835 539 virgulta
853 488 1029 525 sonantia
1046 487 1152 527 lauro
1167 505 1175 536 ;

189 542 272 579 Aut
290 541 357 579 ubi
375 541 536 579 decursu
552 541 683 592 rapido
704 542 749 580 de
767 542 963 579 montibus
982 542 1070 579 altis

189 595 298 632 Dant
318 595 488 632 sonitum
506 595 675 645 spumosi
694 608 834 641 amnes,
855 597 894 633 et
912 595 953 632 111
972 609 1122 645 aequora
1140 598 1312 643 currunt,

190 648 358 699 Quisque
377 662 489 685 suum
506 648 711 699 populatus
729 648 825 686 iter:
853 662 932 686 non
950 649 1103 699 segnius
1123 649 1234 687 ambo

188 702 329 739 AEneas
349 702 576 751 Turnusque
594 705 713 739 ruunt
731 715 798 752 per
815 702 970 752 proelia3
997 716 1111 749 nunc,
1132 716 1234 740 nunc

189 755 377 793 Fluctuat
395 755 451 792 ira
468 755 573 793 intus
588 772 596 801 3
624 758 857 806 rumpuntur
874 755 1000 793 nescia
1018 755 1119 794 vinci

188 808 373 856 Pectora3
400 823 502 847 nunc
520 809 615 847 totis
634 809 674 846 in
692 810 849 847 vulnera
866 809 1009 846 viribus
1027 809 1118 847 itur.

189 862 418 900 Murranum
437 862 512 909 hic,
532 865 663 900 atavos
683 865 722 900 et
742 876 899 900 avorum
920 862 1078 912 antiqua
1096 864 1296 900 sonantem

189 916 371 963 Nomina,
390 930 456 966 per
474 929 655 967 regesque
675 918 805 954 actum
824 930 945 967 genus
966 929 1076 954 omne
1096 916 1269 963 Latinos,

190 969 433 1020 Praecipitem
452 969 607 1019 scopulo
627 973 742 1020 atque
760 970 929 1021 ingentis
947 970 1101 1007 turbine
1120 970 1201 1007 saxi

189 1022 366 1070 Excutit,
386 1023 657 1074 effunditques
640 1024 742 1061 s.olo
734 1041 742 1046 ·
771 1024 874 1061 hunc
893 1024 974 1061 lora
992 1026 1031 1061 et
1044 1024 1141 1074 juga
1159 1023 1290 1061 subter

189 1076 418 1114 Provolvere
436 1079 551 1114 rotae:
581 1091 620 1115 cr
622 1078 711 1115 ebro
731 1090 842 1127 super
859 1076 1005 1127 ungula
1022 1077 1135 1127 pulsu

190 1130 329 1177 Incita,
348 1144 417 1168 nec
437 1131 581 1168 domini
599 1144 811 1169 memorum
830 1131 1024 1181 proculcat
1043 1143 1248 1180 equorum3

191 1183 262 1221 Ille
281 1184 408 1221 ruenti
427 1184 561 1235 Hyllo,
582 1184 791 1235 animisque
810 1184 975 1221 immane
994 1184 1173 1222 frementi

191 1237 378 1284 Occurrit,
397 1238 593 1288 telumque
613 1240 746 1275 aurata
764 1238 812 1275 ad
830 1240 1004 1287 tempora
1020 1240 1197 1288 torquet:

191 1290 268 1328 Olli
286 1305 353 1341 per
371 1291 519 1342 galeam
537 1292 612 1329 fixo
633 1292 744 1329 stetit
762 1291 875 1328 hasta
893 1291 1055 1328 cerebro.

191 1344 361 1382 Dextera
379 1358 448 1382 nec
466 1347 535 1382 tua
553 1347 604 1391 te,
625 1344 785 1382 Graium
803 1344 1021 1391 fortissime,
1042 1343 1222 1389 Cretheu,

190 1398 348 1447 Eripuit
367 1398 520 1444 Turno3
548 1411 617 1436 nec
637 1398 675 1435 di
693 1400 822 1435 texere
842 1397 1064 1447 Cupencum

191 1451 315 1489 AEnea
331 1452 508 1490 veniente
527 1451 606 1498 sui;
633 1451 738 1489 dedit
757 1451 868 1489 obvia
885 1452 983 1488 ferro

192 1505 366 1551 Pectora,
385 1519 454 1542 nec
474 1505 610 1542 misero
630 1504 739 1554 clipei
757 1518 864 1541 mora
881 1504 1025 1554 profuit
1044 1503 1144 1541 aerei.

192 1558 247 1596 Te
267 1572 416 1609 quoque
435 1558 646 1596 Laurentes
665 1558 857 1604 viderunt,
876 1557 998 1603 AEole,
1018 1557 1142 1606 campi

193 1611 394 1662 Oppetere,
415 1615 454 1650 et
471 1612 548 1650 late
567 1614 710 1649 terram
729 1613 968 1649 consternere
986 1612 1119 1660 tergo;

193 1665 354 1713 Occidis,
374 1665 531 1716 Argivae
551 1679 664 1716 quem
682 1678 759 1702 11011
778 1667 935 1715 potuere
953 1663 1160 1714 phalanges

193 1719 381 1765 Sternere,
401 1733 468 1757 nec
489 1719 633 1756 Priami
651 1731 858 1769 regnorum
876 1731 1025 1755 eversor
1044 1717 1234 1754 Achilles:

192 1773 271 1810 Hic
291 1773 364 1810 tibi
383 1773 518 1810 mortis
538 1775 646 1810 erant
665 1775 791 1817 metae,
811 1772 946 1808 <lomus
966 1771 1044 1808 alta
1062 1771 1132 1808 sub
1152 1770 1246 1816 Ida;

193 1826 375 1877 Lyrnessi
394 1827 530 1864 domus
549 1826 637 1872 alta,
658 1826 737 1863 solo
757 1825 948 1862 Laurente
967 1824 1193 1874 sepulcrum.

193 1880 303 1917 Totae
322 1880 414 1918 adeo
435 1893 626 1917 conversae
647 1879 755 1924 acies,
776 1892 980 1929 omnesque
999 1877 1142 1924 Latini,

194 1933 335 1971 Omnes
351 1933 605 1971 Dardanidae:
636 1932 877 1978 Mnestheus,
899 1945 1055 1982 acerque
1075 1931 1260 1977 Serestus,

193 1987 249 2023 Et
269 1987 469 2037 Messapus
489 2000 628 2037 equum
647 1986 825 2031 domitor,
845 1988 884 2023 et
902 1985 1013 2023 fortis
1031 1985 1182 2035 Asylas,

193 2040 481 2091 Tuscorumque
498 2040 676 2090 phalanx,
696 2039 941 2088 Evandrique
960 2039 1127 2076 Arcades
1146 2039 1235 2076 alae:

193 2093 269 2131 Pro
289 2107 327 2131 se
347 2094 505 2144 quisque
523 2093 595 2130 viri
614 2107 763 2130 summa
781 2093 958 2130 nituntur
976 2105 1091 2142 opum
1109 2091 1160 2129 vi.

194 2148 277 2185 Nec
295 2161 413 2193 mora,
432 2161 501 2185 nec
518 2147 687 2197 requies;
714 2148 825 2184 vasto
844 2146 1050 2184 certamine
1068 2145 1247 2183 tendunt.

248 2201 326 2238 Hic
345 2203 515 2238 mentem
534 2200 668 2238 AEneae
689 2200 864 2250 genetrix
882 2199 1138 2250 pulcherrima
1155 2198 1227 2236 mis
1228 2197 1273 2243 it,

194 2254 277 2292 Iret
295 2256 341 2291 ut
361 2254 408 2291 ad
426 2267 566 2300 muros,
585 2253 744 2303 urbique
763 2253 978 2291 adverteret
998 2265 1136 2303 agmen

195 2308 322 2353 Ocius,
342 2310 381 2345 et
401 2307 528 2345 subita
545 2307 720 2345 turbaret
739 2306 843 2344 clade
863 2306 1034 2343 Latinos.

194 2361 278 2407 Ille,
296 2364 342 2398 ut
359 2361 554 2411 vestigans
573 2361 720 2397 diversa
737 2373 804 2410 per
823 2359 976 2409 agmina
994 2359 1167 2396 Turnum

194 2415 286 2452 Huc
306 2417 420 2464 atque
438 2415 513 2451 huc
533 2414 629 2451 acies
649 2413 896 2459 circumtulit,
917 2412 1051 2463 aspicit
1070 2412 1202 2449 urbem

194 2468 415 2505 Immunem
432 2467 535 2505 tanti
552 2467 652 2513 belli,
672 2469 786 2517 atque
803 2466 958 2516 impune
977 2466 1157 2516 quietam.

194 2522 388 2560 Continuo
406 2535 544 2572 pugnae
564 2520 738 2558 accendit
756 2520 908 2570 majoris
927 2519 1054 2570 imago
1069 2535 1076 2557 :

193 2576 401 2613 Mnesthea
420 2574 714 2625 Sergestumque
733 2576 847 2611 vocat
865 2573 1079 2622 fortemque
1099 2572 1305 2617 Serestum,

194 2629 395 2676 Ductores,
414 2627 682 2679 tumulumque
701 2627 814 2677 capit,
835 2640 908 2677 quo
928 2629 1052 2664 cetera
1071 2625 1261 2664 Teucrum
