1674 2775
590 103 782 132 AENEIDOS
802 104 884 130 LIB.
906 103 964 129 IX.

130 205 239 251 Nise,
258 202 392 255 fugis?
422 201 547 240 solum
564 202 606 238 te
623 200 665 237 in
683 201 796 237 tanta
812 198 979 249 pericula
997 197 1155 236 mittam
1170 197 1187 236 ’ἓ

131 259 225 296 Non
243 257 300 295 ita.
317 270 379 295 me
397 255 550 307 genitor
567 253 675 292 bellis
695 256 870 290 assuetus
890 251 1074 302 Opheltes

131 311 358 362 Argolicum
376 312 562 348 terrorem
580 308 682 345 inter
702 307 902 357 Trojaeque
920 306 1066 343 labores

133 365 339 403 Sublatum
359 363 498 401 erudiit
515 378 524 408 3
552 375 621 399 nec
640 363 770 398 tecum
788 360 883 398 talia
901 359 1013 410 gessi,

132 418 430 470 Magnanimum
449 416 600 454 AEnean
619 417 658 452 et
678 415 758 452 fata
777 416 948 451 extrema
966 415 1131 451 secutus.

132 472 208 510 Est
226 472 302 518 hic,
322 473 380 509 est
400 470 549 508 animus
568 469 662 506 lucis
682 470 911 513 contemtor,
930 469 970 504 et
988 466 1109 504 istum

133 526 210 573 Qui
228 526 311 563 vita
328 525 424 562 bene
444 523 573 562 credat
592 522 679 569 emi,
699 535 774 573 quo
793 521 931 567 tendis,
946 520 1170 558 honorem.”

131 579 253 617 Nisus
273 579 322 616 ad
339 579 443 616 haec:
474 580 494 597 ‘⁴
508 577 699 627 Equidem
719 576 764 613 de
783 578 823 613 te
842 575 898 612 nil
915 574 993 612 tale
1011 575 1189 612 verebar:

132 633 217 671 Nec
236 633 436 671 fas—non.
493 631 559 668 Ita
577 644 638 668 me
657 629 795 667 referat
814 628 888 666 tibi
906 642 1069 679 magnus
1089 630 1270 666 ovantem

133 686 301 737 Jupiter,
321 688 389 723 aut
408 685 636 735 quicumque
655 683 773 721 oculis
792 683 875 720 haec
895 682 1030 732 aspicit
1049 682 1177 732 aequis.

133 740 208 778 Sed
227 740 259 777 si
278 739 504 790 quis—quae
524 737 650 775 multa
667 737 772 774 vides
792 736 1008 773 discrimine
1027 736 1150 773 tali——

134 793 175 831 Si
194 793 278 844 quis
297 793 338 830 in
357 793 559 830 adversum
576 791 700 842 rapiat
720 803 875 828 casusve
895 790 1045 836 deusve,

133 847 189 886 Te
209 859 403 897 superesse
421 846 537 883 velim
553 862 561 892 3
589 847 659 882 tua
676 844 758 882 vita
777 844 928 894 dignior
947 846 1052 881 aetas.

133 901 206 948 Sit,
227 900 292 951 qui
310 914 372 938 me
390 903 545 950 raptum
564 912 696 949 pugna
713 898 883 949 pretiove
902 897 1118 935 redemtum

133 955 300 993 Mandet
319 954 437 991 humo
453 970 460 1000 ;
489 953 604 991 solita
622 956 689 990 aut
709 953 740 990 si
761 965 835 1002 qua
853 951 893 988 id
912 952 1063 989 fortuna
1080 950 1242 995 vetabit,

133 1008 301 1047 Absenti
319 1008 419 1046 ferat
438 1007 602 1052 inferias,
623 1006 848 1056 decoretque
869 1004 1080 1056 sepulchro.

134 1062 227 1100 Neu
245 1062 361 1099 matri
380 1061 525 1099 miserae
545 1060 647 1098 tanti
666 1061 739 1098 sim
758 1073 871 1098 causa
889 1058 1048 1097 doloris:

136 1116 229 1163 Quae
248 1118 288 1153 te
308 1115 397 1162 sola,
417 1128 522 1165 puer,
541 1114 675 1152 multis
695 1127 714 1151 e
734 1114 922 1151 matribus
942 1126 1032 1150 ausa

136 1169 397 1220 Persequitur,
416 1168 548 1219 magni
566 1182 634 1206 nec
654 1168 794 1205 moenia
812 1170 920 1205 curat
940 1165 1131 1204 Acestae.”

137 1223 210 1261 Ille
230 1226 382 1261 autem:
412 1222 589 1259 “Causas
608 1221 864 1272 nequidquam
884 1220 1006 1258 nectis
1025 1220 1168 1266 inanes,

136 1277 221 1315 Nec
240 1291 326 1315 mea
338 1277 420 1328 jam
437 1278 591 1314 mutata
608 1275 691 1313 loco
711 1274 905 1313 sententia
923 1274 1035 1311 cedit.

136 1330 441 1376 Acceleremus,”
464 1330 530 1367 ait.
586 1329 733 1379 Vigiles
753 1328 868 1366 simul
887 1328 1042 1366 excitat.
1100 1326 1165 1364 Illi

138 1385 367 1430 Succedunt,
387 1384 615 1433 servantque
633 1383 756 1421 vices:
787 1382 953 1420 statione
972 1381 1105 1419 relicta

137 1438 228 1490 Ipse
247 1452 372 1476 comes
391 1437 488 1475 Niso
507 1437 693 1488 graditur,
713 1450 917 1487 regemque
935 1437 1150 1486 requirunt.

193 1492 331 1530 Cetera
347 1505 415 1542 per
432 1493 554 1529 terras
573 1483 704 1528 omnes
724 1490 904 1528 animalia
922 1503 1055 1527 somno

138 1545 341 1584 Laxabant
361 1559 468 1583 curas
488 1547 528 1583 et
547 1545 661 1582 corda
679 1544 799 1582 oblita
816 1544 989 1581 laborum
1007 1559 1014 1580 :

138 1600 331 1637 Ductores
351 1599 542 1637 Teucrum
560 1598 687 1648 primi,
707 1597 854 1635 delecta
867 1597 1065 1647 juventus,

139 1653 353 1691 Consilium
372 1652 532 1690 summis
550 1651 659 1702 regni
678 1651 724 1689 de
742 1651 854 1689 rebus
874 1650 1079 1695 habebant,

139 1707 242 1754 Quid
259 1707 439 1753 facerent,
459 1705 591 1756 quisve
610 1705 744 1743 AEneae
757 1705 838 1756 jam
858 1704 1020 1741 nuncius
1039 1706 1161 1741 esset:

138 1760 255 1798 Stant
274 1760 400 1811 longis
420 1759 549 1797 adnixi
566 1759 700 1805 hastis,
720 1762 759 1796 et
779 1761 889 1796 scuta
907 1759 1095 1803 tenentes,

138 1813 364 1852 Castrorum
384 1816 424 1852 et
443 1813 568 1864 campi
586 1813 724 1850 medio.
781 1812 883 1849 Tum
903 1811 1024 1848 Nisus
1043 1813 1083 1848 et
1101 1823 1179 1847 una

137 1868 331 1919 Euryalus
351 1867 553 1906 confestim
573 1866 712 1904 alacres
733 1866 930 1904 admittier
949 1867 1081 1902 orant:

138 1921 239 1959 Rem
259 1935 451 1972 magnam,
470 1921 712 1971 pretiumque
731 1933 846 1957 morae
866 1920 958 1956 fore.
1015 1918 1168 1955 Primus
1189 1915 1296 1954 Iulus

137 1975 300 2026 Accepit
318 1975 500 2026 trepidos,
520 1988 562 2012 ac
582 1974 725 2011 Nisum
744 1974 866 2011 dicere
879 1972 997 2023 jussit

138 2029 240 2066 Tum
260 2029 312 2067 sic
332 2029 590 2080 Hyrtacides:
620 2030 641 2047 “
658 2027 804 2065 Audite
823 2041 845 2065 o
864 2026 1059 2064 mentibus
1081 2024 1200 2075 aequis

137 2082 331 2129 AEneadae,
350 2096 445 2121 neve
462 2083 543 2120 haec
561 2081 704 2119 nostris
724 2083 945 2131 spectentur
964 2080 1011 2117 ab
1030 2079 1151 2126 annis,

139 2136 235 2184 Quae
253 2137 422 2175 ferimus.
479 2135 620 2173 Rutuli
638 2149 772 2173 somno
791 2134 955 2184 vinoque
975 2132 1092 2171 soluti

139 2189 388 2238 Conticuere3
416 2190 545 2228 locum
562 2189 710 2227 insidiis
730 2188 993 2239 conspeximus
1012 2187 1097 2238 ipsi,

139 2243 214 2290 Qui
231 2247 340 2295 patet
358 2244 400 2282 in
417 2244 520 2282 bivio
538 2246 670 2294 portae,
690 2256 773 2293 quae
792 2242 965 2293 proxima
981 2244 1102 2291 ponto
1116 2256 1125 2286 ;

139 2296 356 2349 Interrupti
373 2298 495 2349 ignes,
514 2301 670 2348 aterque
689 2297 738 2334 ad
757 2296 880 2334 sidera
897 2296 1026 2333 fumus

139 2350 338 2402 Erigitur3
365 2352 397 2389 si
415 2352 572 2389 fortuna
588 2350 816 2402 permittitis
834 2349 905 2396 uti,

139 2404 356 2451 Quaesitum
374 2405 523 2443 AEnean
543 2405 591 2443 ad
608 2405 751 2442 moenia
769 2404 969 2442 Pallantea

139 2457 236 2496 Mox
253 2458 316 2496 hie
335 2472 423 2497 cum
442 2459 583 2510 spoliis,
601 2458 753 2509 ingenti
771 2458 874 2496 caede
892 2461 1057 2508 peracta,

139 2512 270 2549 Affore
289 2513 463 2550 cernetis.
519 2513 604 2550 Nec
621 2526 692 2550 nos
709 2512 773 2549 via
790 2512 890 2549 fallit
909 2514 1065 2549 euntes:

139 2564 317 2603 Vidimus
336 2566 505 2604 obscuris
523 2567 687 2617 primam
707 2566 776 2603 sub
795 2565 957 2603 vallibus
976 2565 1109 2602 urbem

140 2618 296 2656 Venatu
314 2619 465 2658 assiduo
484 2622 524 2658 et
542 2622 674 2658 totum
692 2619 941 2671 cognovimus
961 2631 1124 2657 amnem.

765 2685 793 2711 X

1339 93 1416 131 305
