1674 2775
569 115 760 142 AENEIDos
779 115 862 141 ΠΒ.
883 115 940 141 1x.
1315 109 1394 146 309

115 211 292 262 Cingula,
313 211 467 249 Tiburti
485 211 652 249 Remulo
671 210 882 248 ditissimus
901 211 995 248 olim

116 266 208 312 Quae
226 265 353 302 mittit
373 265 483 311 dona,
501 265 669 315 hospitio
689 278 808 314 quum
822 264 1003 314 jungeret
1023 263 1168 311 absens,

116 318 311 364 Caedicus3
339 318 402 356 ille
420 331 488 356 suo
507 318 672 356 moriens
691 318 758 355 dat
777 318 914 355 habere
933 318 1065 368 nepoti
1081 335 1089 365 3

116 371 213 409 Post
232 373 398 409 mortem
415 371 514 409 bello
536 371 676 409 Rutuli
694 385 899 421 pugnaque
918 371 1055 421 potiti:

117 425 214 462 Haec
232 424 345 475 rapit,
364 427 479 475 atque
498 425 665 463 humeris
685 425 941 474 nequidquam
960 424 1123 462 fortibus
1142 427 1263 475 aptat.

116 478 219 515 Tum
237 478 385 529 galeam
405 478 574 529 Messapi
592 478 759 516 habilem
779 478 978 528 cristisque
997 478 1172 516 decoram

116 530 265 569 Induit.
321 532 527 570 Excedunt
546 532 692 578 castris,
712 534 752 569 et
770 534 860 569 tuta
878 534 1092 582 capessunt.

170 1439 325 1477 Interea
341 1439 529 1489 praemissi
547 1439 693 1489 equites
713 1453 758 1477 ex
777 1439 869 1477 urbe
889 1439 1040 1486 Latina,

117 1492 254 1530 Cetera
273 1493 364 1529 dum
382 1492 481 1543 legio
501 1493 643 1543 campis
661 1493 852 1530 instructa
869 1496 1052 1540 moratur,

117 1546 246 1592 Ibant,
266 1549 306 1583 et
325 1546 454 1583 Turno
474 1547 573 1597 regis
593 1560 771 1596 responsa
789 1547 973 1592 ferebant,

116 1599 360 1646 Tercentum,
380 1600 523 1637 scutati
542 1613 671 1637 omnes
691 1599 895 1637 Volscente
914 1599 1112 1649 magistro.

116 1652 281 1702 Jamque
300 1653 605 1703 propinquabant
625 1653 771 1699 castris,
790 1666 994 1703 murosque
1014 1653 1206 1699 subibant,

116 1705 245 1752 Quum
263 1706 395 1756 procul
413 1706 483 1743 hos
502 1707 595 1744 laevo
614 1707 811 1744 flectentes
831 1706 954 1744 limite
973 1709 1158 1752 cernunt;

115 1758 172 1796 Et
191 1759 300 1809 galea
318 1760 534 1810 Euryalum
553 1760 737 1797 sublustri
754 1760 879 1798 noctis
898 1760 939 1797 in
957 1760 1094 1797 umbra

115 1811 293 1850 Prodidit
312 1813 586 1860 immemorem,
606 1814 793 1864 radiisque
813 1814 970 1850 adversa
986 1813 1149 1850 refulsit.

115 1865 237 1902 Haud
249 1868 393 1904 temere
405 1869 463 1904 est
475 1867 612 1904 visum.
642 1866 865 1904 Conclamat
880 1867 927 1904 ab
939 1867 1090 1917 agmine
1101 1865 1300 1904 Volseens:

115 1922 136 1937 “
149 1919 271 1966 State,
290 1920 362 1956 viri
379 1936 386 1965 3
416 1933 502 1970 quae
523 1933 636 1957 causa
653 1920 728 1957 viae
745 1920 761 1958 ΖΡ
791 1920 903 1970 quive
922 1921 1013 1957 estis
1033 1920 1073 1957 in
1092 1920 1206 1958 armis
1223 1919 1241 1958 ?

115 1972 248 2019 Quove
266 1973 408 2011 tenetis
428 1974 501 2011 iter
516 1973 561 2011 ?’'
592 1973 704 2010 Nihil
721 1973 776 2010 illi
795 1974 950 2011 tendere
970 1976 1124 2021 contra3

115 2025 190 2063 Sed
209 2026 369 2064 celerare
387 2026 521 2077 fugam
539 2027 578 2063 in
599 2027 724 2073 silvas,
744 2029 783 2064 et
802 2027 918 2064 fidere
936 2027 1053 2065 nocti.

115 2078 314 2130 Objiciunt
334 2080 480 2130 equites
500 2094 579 2118 sese
599 2080 647 2117 ad
665 2080 830 2118 divortia
847 2083 941 2118 nota

114 2131 222 2170 Hinc
241 2136 355 2183 atque
374 2133 475 2180 hinc,
495 2147 722 2184 omnemque
741 2134 890 2171 abitum
909 2133 1066 2172 custode
1085 2135 1280 2171 coronant.

115 2185 219 2223 Silva
235 2187 323 2234 fuit,
342 2187 419 2225 late
439 2187 564 2224 dumis
584 2190 700 2237 atque
718 2187 802 2225 ilice
820 2187 932 2238 nigra

114 2238 296 2287 Horrida,
316 2253 430 2290 quam
451 2240 558 2278 densi
577 2240 812 2291 complerant
831 2241 1000 2292 undique
1019 2243 1145 2278 sentes
1161 2257 1169 2288 3

114 2291 219 2330 Rara
236 2307 303 2343 per
321 2294 490 2332 occultos
508 2295 660 2332 lucebat
680 2294 817 2332 semita
835 2295 959 2332 calles.

114 2345 332 2396 Euryalum
349 2348 516 2385 tenebrae
534 2361 727 2385 ramorum
746 2361 976 2398 onerosaque
995 2348 1121 2398 praeda

115 2397 351 2449 Impediunt,
370 2401 545 2451 fallitque
563 2401 680 2439 timor
698 2401 852 2452 regione
870 2402 1030 2439 viarum.

114 2450 235 2489 Nisus
254 2453 357 2491 abit:
380 2454 535 2505 jamque
553 2454 773 2505 imprudens
793 2457 962 2493 evaserat
981 2455 1123 2501 hostes,

115 2504 247 2555 Atque
265 2506 380 2553 lacus,
401 2507 466 2555 qui
484 2510 572 2558 post
591 2509 703 2546 Albae
724 2509 770 2546 de
788 2508 942 2546 nomine
961 2507 1056 2545 dicti

114 2557 278 2596 Albani:
307 2562 394 2597 tum
412 2574 478 2597 rex
497 2561 649 2598 stabula
666 2562 746 2599 alta
764 2561 927 2599 Latinus
947 2561 1124 2599 habebat.

115 2609 175 2648 Ut
193 2611 320 2660 stetit,
340 2615 380 2650 et
398 2613 542 2651 frustra
560 2615 758 2652 absentem
776 2615 942 2666 respexit
963 2615 1150 2653 amicum:
