<?xml version="1.0" encoding="UTF-8"?>
<!DOCTYPE html PUBLIC "-//W3C//DTD XHTML 1.0 Transitional//EN"
    "http://www.w3.org/TR/xhtml1/DTD/xhtml1-transitional.dtd">
<html xmlns="http://www.w3.org/1999/xhtml" xml:lang="en" lang="en">
 <head>
  <title>
</title>
<meta http-equiv="Content-Type" content="text/html;charset=utf-8" />
  <meta name='ocr-system' content='tesseract 3.04.00' />
  <meta name='ocr-capabilities' content='ocr_page ocr_carea ocr_par ocr_line ocrx_word'/>
</head>
<body>
  <div class='ocr_page' id='page_1' title='image "./worksfromtextofh00virguoft_0391.png"; bbox 0 0 1674 2775; ppageno 0'>
   <div class='ocr_carea' id='block_1_1' title="bbox 608 105 979 132">
    <p class='ocr_par' dir='ltr' id='par_1_1' title="bbox 608 105 979 132">
     <span class='ocr_line' id='line_1_1' title="bbox 608 105 979 132; baseline -0.003 0"><span class='ocrx_word' id='word_1_1' title='bbox 608 106 798 132; x_wconf 80' lang='lat' dir='ltr'>AENEIDOS</span> <span class='ocrx_word' id='word_1_2' title='bbox 817 105 888 131; x_wconf 84' lang='lat' dir='ltr'>LIB</span> <span class='ocrx_word' id='word_1_3' title='bbox 895 124 901 131; x_wconf 91' lang='lat'>.</span> <span class='ocrx_word' id='word_1_4' title='bbox 921 106 979 132; x_wconf 82' lang='lat' dir='ltr'>XI.</span> 
     </span>
    </p>
   </div>
   <div class='ocr_carea' id='block_1_2' title="bbox 159 200 1311 2650">
    <p class='ocr_par' dir='ltr' id='par_1_2' title="bbox 159 200 1211 624">
     <span class='ocr_line' id='line_1_2' title="bbox 159 200 1112 252; baseline -0.001 -13"><span class='ocrx_word' id='word_1_5' title='bbox 159 202 370 240; x_wconf 87' lang='lat' dir='ltr'>Decurrere</span> <span class='ocrx_word' id='word_1_6' title='bbox 387 214 521 252; x_wconf 88' lang='lat' dir='ltr'>rogos;</span> <span class='ocrx_word' id='word_1_7' title='bbox 549 202 609 238; x_wconf 91' lang='lat' dir='ltr'>ter</span> <span class='ocrx_word' id='word_1_8' title='bbox 627 202 802 238; x_wconf 88' lang='lat' dir='ltr'>maestum</span> <span class='ocrx_word' id='word_1_9' title='bbox 822 201 964 238; x_wconf 85' lang='lat' dir='ltr'>funeris</span> <span class='ocrx_word' id='word_1_10' title='bbox 983 200 1112 250; x_wconf 99' lang='lat' dir='ltr'>ignem</span> 
     </span>
     <span class='ocr_line' id='line_1_3' title="bbox 161 254 1110 304; baseline 0 -12"><span class='ocrx_word' id='word_1_11' title='bbox 161 255 390 292; x_wconf 89' lang='lat' dir='ltr'>Lustravere</span> <span class='ocrx_word' id='word_1_12' title='bbox 408 256 447 291; x_wconf 90' lang='lat' dir='ltr'>in</span> <span class='ocrx_word' id='word_1_13' title='bbox 467 254 594 304; x_wconf 78' lang='lat' dir='ltr'>equis3</span> <span class='ocrx_word' id='word_1_14' title='bbox 621 254 864 303; x_wconf 81' lang='lat' dir='ltr'>ululatusque</span> <span class='ocrx_word' id='word_1_15' title='bbox 883 267 945 291; x_wconf 89' lang='lat' dir='ltr'>ore</span> <span class='ocrx_word' id='word_1_16' title='bbox 965 254 1110 292; x_wconf 86' lang='lat' dir='ltr'>dedere.</span> 
     </span>
     <span class='ocr_line' id='line_1_4' title="bbox 161 307 1190 358; baseline 0 -13"><span class='ocrx_word' id='word_1_17' title='bbox 161 308 362 358; x_wconf 86' lang='lat' dir='ltr'>Spargitur</span> <span class='ocrx_word' id='word_1_18' title='bbox 382 310 420 345; x_wconf 92' lang='lat' dir='ltr'>et</span> <span class='ocrx_word' id='word_1_19' title='bbox 439 308 552 345; x_wconf 75' lang='lat' dir='ltr'>tellus</span> <span class='ocrx_word' id='word_1_20' title='bbox 571 307 746 352; x_wconf 79' lang='lat' dir='ltr'>lacrimis,</span> <span class='ocrx_word' id='word_1_21' title='bbox 767 310 999 357; x_wconf 88' lang='lat' dir='ltr'>sparguntur</span> <span class='ocrx_word' id='word_1_22' title='bbox 1018 310 1056 344; x_wconf 94' lang='lat' dir='ltr'>et</span> <span class='ocrx_word' id='word_1_23' title='bbox 1076 321 1190 345; x_wconf 87' lang='lat' dir='ltr'>arma.</span> 
     </span>
     <span class='ocr_line' id='line_1_5' title="bbox 161 360 1149 411; baseline 0 -13"><span class='ocrx_word' id='word_1_24' title='bbox 161 361 203 398; x_wconf 89' lang='lat' dir='ltr'>It</span> <span class='ocrx_word' id='word_1_25' title='bbox 223 361 317 399; x_wconf 90' lang='lat' dir='ltr'>coelo</span> <span class='ocrx_word' id='word_1_26' title='bbox 337 361 549 411; x_wconf 79' lang='lat' dir='ltr'>clamorque</span> <span class='ocrx_word' id='word_1_27' title='bbox 568 361 692 397; x_wconf 87' lang='lat' dir='ltr'>virum</span> <span class='ocrx_word' id='word_1_28' title='bbox 712 360 938 410; x_wconf 80' lang='lat' dir='ltr'>clangorque</span> <span class='ocrx_word' id='word_1_29' title='bbox 958 361 1149 398; x_wconf 84' lang='lat' dir='ltr'>tubarum.</span> 
     </span>
     <span class='ocr_line' id='line_1_6' title="bbox 160 413 978 464; baseline -0.002 -13"><span class='ocrx_word' id='word_1_30' title='bbox 160 414 268 451; x_wconf 89' lang='lat' dir='ltr'>Hinc</span> <span class='ocrx_word' id='word_1_31' title='bbox 288 414 351 451; x_wconf 85' lang='lat' dir='ltr'>alii</span> <span class='ocrx_word' id='word_1_32' title='bbox 370 414 488 464; x_wconf 85' lang='lat' dir='ltr'>spolia</span> <span class='ocrx_word' id='word_1_33' title='bbox 507 414 636 451; x_wconf 84' lang='lat' dir='ltr'>occisis</span> <span class='ocrx_word' id='word_1_34' title='bbox 656 414 810 463; x_wconf 87' lang='lat' dir='ltr'>derepta</span> <span class='ocrx_word' id='word_1_35' title='bbox 829 413 978 450; x_wconf 87' lang='lat' dir='ltr'>Latinis</span> 
     </span>
     <span class='ocr_line' id='line_1_7' title="bbox 162 467 1029 518; baseline -0.001 -14"><span class='ocrx_word' id='word_1_36' title='bbox 162 467 381 518; x_wconf 85' lang='lat' dir='ltr'>Conjiciunt</span> <span class='ocrx_word' id='word_1_37' title='bbox 400 468 491 517; x_wconf 89' lang='lat' dir='ltr'>igni,</span> <span class='ocrx_word' id='word_1_38' title='bbox 510 467 647 517; x_wconf 82' lang='lat' dir='ltr'>galeas,</span> <span class='ocrx_word' id='word_1_39' title='bbox 667 480 846 517; x_wconf 83' lang='lat' dir='ltr'>ensesque</span> <span class='ocrx_word' id='word_1_40' title='bbox 866 467 1029 512; x_wconf 89' lang='lat' dir='ltr'>decoros,</span> 
     </span>
     <span class='ocr_line' id='line_1_8' title="bbox 162 520 1211 570; baseline -0.001 -12"><span class='ocrx_word' id='word_1_41' title='bbox 162 520 372 570; x_wconf 84' lang='lat' dir='ltr'>Frenaque,</span> <span class='ocrx_word' id='word_1_42' title='bbox 392 521 653 570; x_wconf 71' lang='lat' dir='ltr'>ferventesque</span> <span class='ocrx_word' id='word_1_43' title='bbox 671 523 798 566; x_wconf 79' lang='lat' dir='ltr'>rotas3</span> <span class='ocrx_word' id='word_1_44' title='bbox 827 533 913 569; x_wconf 82' lang='lat' dir='ltr'>pars</span> <span class='ocrx_word' id='word_1_45' title='bbox 933 533 1089 557; x_wconf 85' lang='lat' dir='ltr'>munera</span> <span class='ocrx_word' id='word_1_46' title='bbox 1107 522 1211 565; x_wconf 87' lang='lat' dir='ltr'>nota,</span> 
     </span>
     <span class='ocr_line' id='line_1_9' title="bbox 161 573 912 624; baseline -0.001 -13"><span class='ocrx_word' id='word_1_47' title='bbox 161 573 338 624; x_wconf 89' lang='lat' dir='ltr'>Ipsorum</span> <span class='ocrx_word' id='word_1_48' title='bbox 360 573 508 623; x_wconf 81' lang='lat' dir='ltr'>clipeos,</span> <span class='ocrx_word' id='word_1_49' title='bbox 529 576 567 611; x_wconf 90' lang='lat' dir='ltr'>et</span> <span class='ocrx_word' id='word_1_50' title='bbox 588 587 664 611; x_wconf 87' lang='lat' dir='ltr'>non</span> <span class='ocrx_word' id='word_1_51' title='bbox 684 573 806 610; x_wconf 85' lang='lat' dir='ltr'>felicia</span> <span class='ocrx_word' id='word_1_52' title='bbox 824 573 912 610; x_wconf 82' lang='lat' dir='ltr'>tela.</span> 
     </span>
    </p>

    <p class='ocr_par' dir='ltr' id='par_1_3' title="bbox 160 626 1197 943">
     <span class='ocr_line' id='line_1_10' title="bbox 160 626 1117 676; baseline 0 -12"><span class='ocrx_word' id='word_1_53' title='bbox 160 627 293 664; x_wconf 89' lang='lat' dir='ltr'>Multa</span> <span class='ocrx_word' id='word_1_54' title='bbox 310 628 425 665; x_wconf 91' lang='lat' dir='ltr'>boum</span> <span class='ocrx_word' id='word_1_55' title='bbox 446 627 543 664; x_wconf 88' lang='lat' dir='ltr'>circa</span> <span class='ocrx_word' id='word_1_56' title='bbox 561 629 779 664; x_wconf 89' lang='lat' dir='ltr'>mactantur</span> <span class='ocrx_word' id='word_1_57' title='bbox 798 639 954 676; x_wconf 86' lang='lat' dir='ltr'>corpora</span> <span class='ocrx_word' id='word_1_58' title='bbox 973 626 1117 673; x_wconf 78' lang='lat' dir='ltr'>Morti3</span> 
     </span>
     <span class='ocr_line' id='line_1_11' title="bbox 161 679 1143 731; baseline -0.001 -14"><span class='ocrx_word' id='word_1_59' title='bbox 161 680 442 731; x_wconf 87' lang='lat' dir='ltr'>Saetigerosque</span> <span class='ocrx_word' id='word_1_60' title='bbox 462 694 545 717; x_wconf 89' lang='lat' dir='ltr'>sues</span> <span class='ocrx_word' id='word_1_61' title='bbox 564 683 766 730; x_wconf 86' lang='lat' dir='ltr'>raptasque</span> <span class='ocrx_word' id='word_1_62' title='bbox 785 693 830 717; x_wconf 80' lang='lat' dir='ltr'>ex</span> <span class='ocrx_word' id='word_1_63' title='bbox 849 679 1024 716; x_wconf 88' lang='lat' dir='ltr'>omnibus</span> <span class='ocrx_word' id='word_1_64' title='bbox 1044 679 1143 729; x_wconf 86' lang='lat' dir='ltr'>agris</span> 
     </span>
     <span class='ocr_line' id='line_1_12' title="bbox 160 733 1197 784; baseline -0.001 -13"><span class='ocrx_word' id='word_1_65' title='bbox 160 733 211 771; x_wconf 89' lang='lat' dir='ltr'>In</span> <span class='ocrx_word' id='word_1_66' title='bbox 229 734 422 771; x_wconf 89' lang='lat' dir='ltr'>flammam</span> <span class='ocrx_word' id='word_1_67' title='bbox 435 733 617 784; x_wconf 86' lang='lat' dir='ltr'>jugulant</span> <span class='ocrx_word' id='word_1_68' title='bbox 635 733 807 783; x_wconf 85' lang='lat' dir='ltr'>pecudes.</span> <span class='ocrx_word' id='word_1_69' title='bbox 864 733 965 769; x_wconf 85' lang='lat' dir='ltr'>Tum</span> <span class='ocrx_word' id='word_1_70' title='bbox 983 733 1093 770; x_wconf 86' lang='lat' dir='ltr'>litore</span> <span class='ocrx_word' id='word_1_71' title='bbox 1112 735 1197 770; x_wconf 82' lang='lat' dir='ltr'>toto</span> 
     </span>
     <span class='ocr_line' id='line_1_13' title="bbox 160 786 1141 836; baseline -0.002 -12"><span class='ocrx_word' id='word_1_72' title='bbox 160 787 350 824; x_wconf 87' lang='lat' dir='ltr'>Ardentes</span> <span class='ocrx_word' id='word_1_73' title='bbox 370 790 545 836; x_wconf 85' lang='lat' dir='ltr'>spectant</span> <span class='ocrx_word' id='word_1_74' title='bbox 564 787 694 832; x_wconf 84' lang='lat' dir='ltr'>socios,</span> <span class='ocrx_word' id='word_1_75' title='bbox 714 786 969 835; x_wconf 68' lang='lat' dir='ltr'>semiustaque</span> <span class='ocrx_word' id='word_1_76' title='bbox 988 789 1141 823; x_wconf 87' lang='lat' dir='ltr'>servant</span> 
     </span>
     <span class='ocr_line' id='line_1_14' title="bbox 161 839 1184 890; baseline -0.002 -13"><span class='ocrx_word' id='word_1_77' title='bbox 161 840 308 886; x_wconf 82' lang='lat' dir='ltr'>Busta3</span> <span class='ocrx_word' id='word_1_78' title='bbox 336 854 456 890; x_wconf 87' lang='lat' dir='ltr'>neque</span> <span class='ocrx_word' id='word_1_79' title='bbox 476 840 586 877; x_wconf 86' lang='lat' dir='ltr'>avelli</span> <span class='ocrx_word' id='word_1_80' title='bbox 605 842 776 889; x_wconf 81' lang='lat' dir='ltr'>possunt,</span> <span class='ocrx_word' id='word_1_81' title='bbox 796 852 870 876; x_wconf 83' lang='lat' dir='ltr'>nox</span> <span class='ocrx_word' id='word_1_82' title='bbox 891 839 1048 875; x_wconf 84' lang='lat' dir='ltr'>humida</span> <span class='ocrx_word' id='word_1_83' title='bbox 1066 839 1184 876; x_wconf 88' lang='lat' dir='ltr'>donec</span> 
     </span>
     <span class='ocr_line' id='line_1_15' title="bbox 162 892 1048 943; baseline -0.001 -13"><span class='ocrx_word' id='word_1_84' title='bbox 162 893 332 931; x_wconf 82' lang='lat' dir='ltr'>Invertit</span> <span class='ocrx_word' id='word_1_85' title='bbox 351 893 490 931; x_wconf 79' lang='lat' dir='ltr'>ccelum</span> <span class='ocrx_word' id='word_1_86' title='bbox 509 893 628 930; x_wconf 88' lang='lat' dir='ltr'>stellis</span> <span class='ocrx_word' id='word_1_87' title='bbox 647 892 883 943; x_wconf 88' lang='lat' dir='ltr'>fulgentibus</span> <span class='ocrx_word' id='word_1_88' title='bbox 903 895 1048 942; x_wconf 86' lang='lat' dir='ltr'>aptum.</span> 
     </span>
    </p>

    <p class='ocr_par' dir='ltr' id='par_1_4' title="bbox 163 945 1311 1316">
     <span class='ocr_line' id='line_1_16' title="bbox 214 945 1150 995; baseline -0.004 -10"><span class='ocrx_word' id='word_1_89' title='bbox 214 947 299 985; x_wconf 84' lang='lat' dir='ltr'>Nec</span> <span class='ocrx_word' id='word_1_90' title='bbox 318 947 444 983; x_wconf 85' lang='lat' dir='ltr'>minus</span> <span class='ocrx_word' id='word_1_91' title='bbox 465 949 503 984; x_wconf 92' lang='lat' dir='ltr'>et</span> <span class='ocrx_word' id='word_1_92' title='bbox 522 946 650 983; x_wconf 87' lang='lat' dir='ltr'>miseri</span> <span class='ocrx_word' id='word_1_93' title='bbox 669 946 816 984; x_wconf 84' lang='lat' dir='ltr'>diversa</span> <span class='ocrx_word' id='word_1_94' title='bbox 834 946 873 982; x_wconf 89' lang='lat' dir='ltr'>in</span> <span class='ocrx_word' id='word_1_95' title='bbox 892 948 999 995; x_wconf 87' lang='lat' dir='ltr'>parte</span> <span class='ocrx_word' id='word_1_96' title='bbox 1019 945 1150 982; x_wconf 85' lang='lat' dir='ltr'>Latini</span> 
     </span>
     <span class='ocr_line' id='line_1_17' title="bbox 163 999 1138 1049; baseline -0.002 -12"><span class='ocrx_word' id='word_1_97' title='bbox 163 999 390 1038; x_wconf 83' lang='lat' dir='ltr'>Innumeras</span> <span class='ocrx_word' id='word_1_98' title='bbox 411 1003 581 1037; x_wconf 78' lang='lat' dir='ltr'>struxere</span> <span class='ocrx_word' id='word_1_99' title='bbox 599 1013 734 1049; x_wconf 80' lang='lat' dir='ltr'>pyras;</span> <span class='ocrx_word' id='word_1_100' title='bbox 763 1002 802 1037; x_wconf 88' lang='lat' dir='ltr'>et</span> <span class='ocrx_word' id='word_1_101' title='bbox 822 1012 978 1049; x_wconf 84' lang='lat' dir='ltr'>corpora</span> <span class='ocrx_word' id='word_1_102' title='bbox 995 999 1138 1049; x_wconf 86' lang='lat' dir='ltr'>partim</span> 
     </span>
     <span class='ocr_line' id='line_1_18' title="bbox 163 1052 1179 1102; baseline -0.002 -11"><span class='ocrx_word' id='word_1_103' title='bbox 163 1053 297 1091; x_wconf 87' lang='lat' dir='ltr'>Multa</span> <span class='ocrx_word' id='word_1_104' title='bbox 314 1054 439 1091; x_wconf 89' lang='lat' dir='ltr'>virum</span> <span class='ocrx_word' id='word_1_105' title='bbox 457 1056 570 1091; x_wconf 84' lang='lat' dir='ltr'>terrae</span> <span class='ocrx_word' id='word_1_106' title='bbox 589 1053 794 1098; x_wconf 86' lang='lat' dir='ltr'>infodiunt,</span> <span class='ocrx_word' id='word_1_107' title='bbox 814 1055 1019 1101; x_wconf 72' lang='lat' dir='ltr'>avectaque</span> <span class='ocrx_word' id='word_1_108' title='bbox 1038 1052 1179 1102; x_wconf 86' lang='lat' dir='ltr'>partim</span> 
     </span>
     <span class='ocr_line' id='line_1_19' title="bbox 164 1105 1158 1156; baseline -0.002 -12"><span class='ocrx_word' id='word_1_109' title='bbox 164 1107 370 1144; x_wconf 86' lang='lat' dir='ltr'>Finitimos</span> <span class='ocrx_word' id='word_1_110' title='bbox 389 1107 532 1144; x_wconf 86' lang='lat' dir='ltr'>tollunt</span> <span class='ocrx_word' id='word_1_111' title='bbox 551 1106 590 1143; x_wconf 91' lang='lat' dir='ltr'>in</span> <span class='ocrx_word' id='word_1_112' title='bbox 610 1120 731 1156; x_wconf 88' lang='lat' dir='ltr'>agros,</span> <span class='ocrx_word' id='word_1_113' title='bbox 751 1105 909 1155; x_wconf 86' lang='lat' dir='ltr'>urbique</span> <span class='ocrx_word' id='word_1_114' title='bbox 927 1105 1133 1143; x_wconf 87' lang='lat' dir='ltr'>remittunt</span> <span class='ocrx_word' id='word_1_115' title='bbox 1151 1122 1158 1143; x_wconf 93' lang='lat'><strong>:</strong></span> 
     </span>
     <span class='ocr_line' id='line_1_20' title="bbox 163 1159 1120 1210; baseline -0.002 -12"><span class='ocrx_word' id='word_1_116' title='bbox 163 1160 310 1206; x_wconf 84' lang='lat' dir='ltr'>Cetera,</span> <span class='ocrx_word' id='word_1_117' title='bbox 331 1160 567 1210; x_wconf 85' lang='lat' dir='ltr'>confusaeque</span> <span class='ocrx_word' id='word_1_118' title='bbox 585 1160 782 1210; x_wconf 91' lang='lat' dir='ltr'>ingentem</span> <span class='ocrx_word' id='word_1_119' title='bbox 802 1159 914 1196; x_wconf 78' lang='lat' dir='ltr'>caedis</span> <span class='ocrx_word' id='word_1_120' title='bbox 933 1172 1120 1205; x_wconf 84' lang='lat' dir='ltr'>acervum,</span> 
     </span>
     <span class='ocr_line' id='line_1_21' title="bbox 163 1211 1311 1262; baseline -0.003 -11"><span class='ocrx_word' id='word_1_121' title='bbox 163 1213 248 1251; x_wconf 87' lang='lat' dir='ltr'>Nec</span> <span class='ocrx_word' id='word_1_122' title='bbox 266 1227 424 1251; x_wconf 85' lang='lat' dir='ltr'>numero</span> <span class='ocrx_word' id='word_1_123' title='bbox 443 1227 512 1250; x_wconf 92' lang='lat' dir='ltr'>nec</span> <span class='ocrx_word' id='word_1_124' title='bbox 531 1213 673 1250; x_wconf 90' lang='lat' dir='ltr'>honore</span> <span class='ocrx_word' id='word_1_125' title='bbox 693 1215 885 1257; x_wconf 83' lang='lat' dir='ltr'>cremant3</span> <span class='ocrx_word' id='word_1_126' title='bbox 914 1215 1006 1250; x_wconf 88' lang='lat' dir='ltr'>tunc</span> <span class='ocrx_word' id='word_1_127' title='bbox 1026 1213 1192 1262; x_wconf 85' lang='lat' dir='ltr'>undique</span> <span class='ocrx_word' id='word_1_128' title='bbox 1211 1211 1311 1248; x_wconf 76' lang='lat' dir='ltr'>vasti.</span> 
     </span>
     <span class='ocr_line' id='line_1_22' title="bbox 165 1265 1000 1316; baseline -0.002 -12"><span class='ocrx_word' id='word_1_129' title='bbox 165 1266 354 1305; x_wconf 86' lang='lat' dir='ltr'>Certatim</span> <span class='ocrx_word' id='word_1_130' title='bbox 373 1266 510 1304; x_wconf 84' lang='lat' dir='ltr'>crebris</span> <span class='ocrx_word' id='word_1_131' title='bbox 529 1266 718 1303; x_wconf 82' lang='lat' dir='ltr'>collucent</span> <span class='ocrx_word' id='word_1_132' title='bbox 736 1266 888 1316; x_wconf 81' lang='lat' dir='ltr'>ignibus</span> <span class='ocrx_word' id='word_1_133' title='bbox 907 1265 1000 1316; x_wconf 87' lang='lat' dir='ltr'>agri.</span> 
     </span>
    </p>

    <p class='ocr_par' dir='ltr' id='par_1_5' title="bbox 163 1319 1128 1476">
     <span class='ocr_line' id='line_1_23' title="bbox 164 1319 1117 1370; baseline -0.001 -12"><span class='ocrx_word' id='word_1_134' title='bbox 164 1320 296 1358; x_wconf 78' lang='lat' dir='ltr'>Tertia</span> <span class='ocrx_word' id='word_1_135' title='bbox 314 1320 377 1357; x_wconf 81' lang='lat' dir='ltr'>lux</span> <span class='ocrx_word' id='word_1_136' title='bbox 397 1319 561 1370; x_wconf 83' lang='lat' dir='ltr'>gelidam</span> <span class='ocrx_word' id='word_1_137' title='bbox 580 1319 673 1356; x_wconf 78' lang='lat' dir='ltr'>coelo</span> <span class='ocrx_word' id='word_1_138' title='bbox 693 1319 904 1357; x_wconf 70' lang='lat' dir='ltr'>dimoverat</span> <span class='ocrx_word' id='word_1_139' title='bbox 922 1319 1117 1357; x_wconf 87' lang='lat' dir='ltr'>umbram:</span> 
     </span>
     <span class='ocr_line' id='line_1_24' title="bbox 163 1373 1107 1411; baseline -0.002 0"><span class='ocrx_word' id='word_1_140' title='bbox 163 1374 371 1411; x_wconf 83' lang='lat' dir='ltr'>Maerentes</span> <span class='ocrx_word' id='word_1_141' title='bbox 390 1373 512 1410; x_wconf 87' lang='lat' dir='ltr'>altum</span> <span class='ocrx_word' id='word_1_142' title='bbox 531 1373 695 1410; x_wconf 89' lang='lat' dir='ltr'>cinerem</span> <span class='ocrx_word' id='word_1_143' title='bbox 714 1375 753 1410; x_wconf 89' lang='lat' dir='ltr'>et</span> <span class='ocrx_word' id='word_1_144' title='bbox 773 1373 928 1410; x_wconf 87' lang='lat' dir='ltr'>confusa</span> <span class='ocrx_word' id='word_1_145' title='bbox 946 1373 1107 1410; x_wconf 84' lang='lat' dir='ltr'>ruebant</span> 
     </span>
     <span class='ocr_line' id='line_1_25' title="bbox 164 1426 1128 1476; baseline 0 -12"><span class='ocrx_word' id='word_1_146' title='bbox 164 1427 261 1465; x_wconf 83' lang='lat' dir='ltr'>Ossa</span> <span class='ocrx_word' id='word_1_147' title='bbox 278 1427 381 1473; x_wconf 81' lang='lat' dir='ltr'>focis,</span> <span class='ocrx_word' id='word_1_148' title='bbox 401 1426 604 1476; x_wconf 89' lang='lat' dir='ltr'>tepidoque</span> <span class='ocrx_word' id='word_1_149' title='bbox 624 1426 831 1464; x_wconf 85' lang='lat' dir='ltr'>onerabant</span> <span class='ocrx_word' id='word_1_150' title='bbox 851 1439 988 1476; x_wconf 87' lang='lat' dir='ltr'>aggere</span> <span class='ocrx_word' id='word_1_151' title='bbox 1007 1429 1128 1464; x_wconf 86' lang='lat' dir='ltr'>terrae.</span> 
     </span>
    </p>

    <p class='ocr_par' dir='ltr' id='par_1_6' title="bbox 163 1479 1214 1997">
     <span class='ocr_line' id='line_1_26' title="bbox 163 1479 1043 1529; baseline -0.001 -12"><span class='ocrx_word' id='word_1_152' title='bbox 163 1480 192 1517; x_wconf 81' lang='lat' dir='ltr'>J</span> <span class='ocrx_word' id='word_1_153' title='bbox 195 1494 256 1518; x_wconf 89' lang='lat' dir='ltr'>am</span> <span class='ocrx_word' id='word_1_154' title='bbox 275 1493 364 1517; x_wconf 87' lang='lat' dir='ltr'>vero</span> <span class='ocrx_word' id='word_1_155' title='bbox 383 1480 423 1517; x_wconf 92' lang='lat' dir='ltr'>in</span> <span class='ocrx_word' id='word_1_156' title='bbox 440 1479 554 1517; x_wconf 83' lang='lat' dir='ltr'>tectis</span> <span class='ocrx_word' id='word_1_157' title='bbox 573 1479 781 1529; x_wconf 83' lang='lat' dir='ltr'>praedivitis</span> <span class='ocrx_word' id='word_1_158' title='bbox 800 1480 892 1517; x_wconf 88' lang='lat' dir='ltr'>urbe</span> <span class='ocrx_word' id='word_1_159' title='bbox 912 1479 1043 1516; x_wconf 85' lang='lat' dir='ltr'>Latini</span> 
     </span>
     <span class='ocr_line' id='line_1_27' title="bbox 164 1532 1172 1583; baseline -0.002 -12"><span class='ocrx_word' id='word_1_160' title='bbox 164 1533 388 1583; x_wconf 88' lang='lat' dir='ltr'>Praecipuus</span> <span class='ocrx_word' id='word_1_161' title='bbox 408 1533 545 1583; x_wconf 88' lang='lat' dir='ltr'>fragor,</span> <span class='ocrx_word' id='word_1_162' title='bbox 565 1535 604 1570; x_wconf 91' lang='lat' dir='ltr'>et</span> <span class='ocrx_word' id='word_1_163' title='bbox 622 1533 727 1583; x_wconf 88' lang='lat' dir='ltr'>longi</span> <span class='ocrx_word' id='word_1_164' title='bbox 747 1546 831 1582; x_wconf 83' lang='lat' dir='ltr'>pars</span> <span class='ocrx_word' id='word_1_165' title='bbox 850 1533 1016 1569; x_wconf 76' lang='lat' dir='ltr'>maxima</span> <span class='ocrx_word' id='word_1_166' title='bbox 1033 1532 1172 1570; x_wconf 86' lang='lat' dir='ltr'>luctus.</span> 
     </span>
     <span class='ocr_line' id='line_1_28' title="bbox 165 1586 1183 1636; baseline -0.002 -12"><span class='ocrx_word' id='word_1_167' title='bbox 165 1586 244 1624; x_wconf 87' lang='lat' dir='ltr'>Hic</span> <span class='ocrx_word' id='word_1_168' title='bbox 263 1589 416 1631; x_wconf 88' lang='lat' dir='ltr'>matres,</span> <span class='ocrx_word' id='word_1_169' title='bbox 436 1587 658 1636; x_wconf 78' lang='lat' dir='ltr'>miseraeque</span> <span class='ocrx_word' id='word_1_170' title='bbox 677 1599 806 1632; x_wconf 87' lang='lat' dir='ltr'>nurus,</span> <span class='ocrx_word' id='word_1_171' title='bbox 826 1586 888 1623; x_wconf 83' lang='lat' dir='ltr'>hic</span> <span class='ocrx_word' id='word_1_172' title='bbox 907 1599 993 1623; x_wconf 86' lang='lat' dir='ltr'>cara</span> <span class='ocrx_word' id='word_1_173' title='bbox 1011 1599 1183 1622; x_wconf 89' lang='lat' dir='ltr'>sororum</span> 
     </span>
     <span class='ocr_line' id='line_1_29' title="bbox 166 1638 1137 1689; baseline -0.001 -12"><span class='ocrx_word' id='word_1_174' title='bbox 166 1639 329 1677; x_wconf 86' lang='lat' dir='ltr'>Pectora</span> <span class='ocrx_word' id='word_1_175' title='bbox 346 1642 588 1685; x_wconf 78' lang='lat' dir='ltr'>maerentum,</span> <span class='ocrx_word' id='word_1_176' title='bbox 607 1639 786 1688; x_wconf 86' lang='lat' dir='ltr'>puerique</span> <span class='ocrx_word' id='word_1_177' title='bbox 805 1639 1024 1689; x_wconf 86' lang='lat' dir='ltr'>parentibus</span> <span class='ocrx_word' id='word_1_178' title='bbox 1045 1638 1137 1685; x_wconf 89' lang='lat' dir='ltr'>orbi,</span> 
     </span>
     <span class='ocr_line' id='line_1_30' title="bbox 166 1692 1200 1742; baseline -0.002 -12"><span class='ocrx_word' id='word_1_179' title='bbox 166 1692 308 1730; x_wconf 86' lang='lat' dir='ltr'>Dirum</span> <span class='ocrx_word' id='word_1_180' title='bbox 327 1695 569 1730; x_wconf 85' lang='lat' dir='ltr'>exsecrantur</span> <span class='ocrx_word' id='word_1_181' title='bbox 587 1693 728 1730; x_wconf 88' lang='lat' dir='ltr'>bellum</span> <span class='ocrx_word' id='word_1_182' title='bbox 748 1693 942 1742; x_wconf 87' lang='lat' dir='ltr'>Turnique</span> <span class='ocrx_word' id='word_1_183' title='bbox 960 1693 1177 1742; x_wconf 80' lang='lat' dir='ltr'>hymenaeos</span> <span class='ocrx_word' id='word_1_184' title='bbox 1192 1708 1200 1736; x_wconf 79' lang='lat'>3</span> 
     </span>
     <span class='ocr_line' id='line_1_31' title="bbox 167 1745 1161 1796; baseline -0.001 -13"><span class='ocrx_word' id='word_1_185' title='bbox 167 1745 303 1795; x_wconf 90' lang='lat' dir='ltr'>Ipsum</span> <span class='ocrx_word' id='word_1_186' title='bbox 323 1746 447 1792; x_wconf 86' lang='lat' dir='ltr'>armis,</span> <span class='ocrx_word' id='word_1_187' title='bbox 466 1746 665 1796; x_wconf 89' lang='lat' dir='ltr'>ipsumque</span> <span class='ocrx_word' id='word_1_188' title='bbox 679 1746 817 1796; x_wconf 87' lang='lat' dir='ltr'>jubent</span> <span class='ocrx_word' id='word_1_189' title='bbox 836 1746 1033 1783; x_wconf 83' lang='lat' dir='ltr'>decernere</span> <span class='ocrx_word' id='word_1_190' title='bbox 1052 1746 1161 1791; x_wconf 87' lang='lat' dir='ltr'>ferro,</span> 
     </span>
     <span class='ocr_line' id='line_1_32' title="bbox 167 1799 1214 1850; baseline -0.001 -14"><span class='ocrx_word' id='word_1_191' title='bbox 167 1799 243 1845; x_wconf 79' lang='lat' dir='ltr'>Qui</span> <span class='ocrx_word' id='word_1_192' title='bbox 261 1812 422 1850; x_wconf 87' lang='lat' dir='ltr'>regnum</span> <span class='ocrx_word' id='word_1_193' title='bbox 443 1799 565 1836; x_wconf 86' lang='lat' dir='ltr'>Italiae</span> <span class='ocrx_word' id='word_1_194' title='bbox 583 1802 622 1837; x_wconf 88' lang='lat' dir='ltr'>et</span> <span class='ocrx_word' id='word_1_195' title='bbox 641 1800 782 1849; x_wconf 87' lang='lat' dir='ltr'>primos</span> <span class='ocrx_word' id='word_1_196' title='bbox 802 1799 873 1837; x_wconf 87' lang='lat' dir='ltr'>sibi</span> <span class='ocrx_word' id='word_1_197' title='bbox 890 1801 1022 1849; x_wconf 86' lang='lat' dir='ltr'>poscat</span> <span class='ocrx_word' id='word_1_198' title='bbox 1041 1799 1214 1836; x_wconf 87' lang='lat' dir='ltr'>honores.</span> 
     </span>
     <span class='ocr_line' id='line_1_33' title="bbox 168 1852 1154 1903; baseline 0 -14"><span class='ocrx_word' id='word_1_199' title='bbox 168 1852 356 1903; x_wconf 86' lang='lat' dir='ltr'>Ingravat</span> <span class='ocrx_word' id='word_1_200' title='bbox 373 1853 454 1890; x_wconf 82' lang='lat' dir='ltr'>haec</span> <span class='ocrx_word' id='word_1_201' title='bbox 473 1866 592 1890; x_wconf 73' lang='lat' dir='ltr'>saevus</span> <span class='ocrx_word' id='word_1_202' title='bbox 612 1853 793 1899; x_wconf 87' lang='lat' dir='ltr'>Drances,</span> <span class='ocrx_word' id='word_1_203' title='bbox 813 1853 1010 1902; x_wconf 89' lang='lat' dir='ltr'>solumque</span> <span class='ocrx_word' id='word_1_204' title='bbox 1028 1852 1154 1889; x_wconf 86' lang='lat' dir='ltr'>vocari</span> 
     </span>
     <span class='ocr_line' id='line_1_34' title="bbox 168 1905 1117 1956; baseline -0.001 -13"><span class='ocrx_word' id='word_1_205' title='bbox 168 1905 361 1952; x_wconf 82' lang='lat' dir='ltr'>Testatur,</span> <span class='ocrx_word' id='word_1_206' title='bbox 382 1906 505 1943; x_wconf 88' lang='lat' dir='ltr'>solum</span> <span class='ocrx_word' id='word_1_207' title='bbox 524 1906 628 1956; x_wconf 86' lang='lat' dir='ltr'>posci</span> <span class='ocrx_word' id='word_1_208' title='bbox 646 1906 684 1943; x_wconf 88' lang='lat' dir='ltr'>in</span> <span class='ocrx_word' id='word_1_209' title='bbox 705 1906 913 1943; x_wconf 81' lang='lat' dir='ltr'>certamina</span> <span class='ocrx_word' id='word_1_210' title='bbox 931 1906 1117 1942; x_wconf 85' lang='lat' dir='ltr'>Turnum.</span> 
     </span>
     <span class='ocr_line' id='line_1_35' title="bbox 169 1959 1053 1997; baseline 0 -1"><span class='ocrx_word' id='word_1_211' title='bbox 169 1959 301 1997; x_wconf 78' lang='lat' dir='ltr'>Multa</span> <span class='ocrx_word' id='word_1_212' title='bbox 320 1960 433 1996; x_wconf 91' lang='lat' dir='ltr'>simul</span> <span class='ocrx_word' id='word_1_213' title='bbox 451 1962 585 1997; x_wconf 87' lang='lat' dir='ltr'>contra</span> <span class='ocrx_word' id='word_1_214' title='bbox 601 1959 714 1996; x_wconf 83' lang='lat' dir='ltr'>variis</span> <span class='ocrx_word' id='word_1_215' title='bbox 733 1959 924 1997; x_wconf 87' lang='lat' dir='ltr'>sententia</span> <span class='ocrx_word' id='word_1_216' title='bbox 942 1959 1053 1996; x_wconf 88' lang='lat' dir='ltr'>dictis</span> 
     </span>
    </p>

    <p class='ocr_par' dir='ltr' id='par_1_7' title="bbox 169 2012 1254 2116">
     <span class='ocr_line' id='line_1_36' title="bbox 170 2012 1254 2063; baseline -0.001 -13"><span class='ocrx_word' id='word_1_217' title='bbox 170 2012 246 2050; x_wconf 88' lang='lat' dir='ltr'>Pro</span> <span class='ocrx_word' id='word_1_218' title='bbox 265 2013 417 2059; x_wconf 82' lang='lat' dir='ltr'>Turn03</span> <span class='ocrx_word' id='word_1_219' title='bbox 446 2015 486 2050; x_wconf 90' lang='lat' dir='ltr'>et</span> <span class='ocrx_word' id='word_1_220' title='bbox 506 2026 689 2062; x_wconf 90' lang='lat' dir='ltr'>magnum</span> <span class='ocrx_word' id='word_1_221' title='bbox 708 2013 849 2063; x_wconf 84' lang='lat' dir='ltr'>reginae</span> <span class='ocrx_word' id='word_1_222' title='bbox 868 2026 1007 2049; x_wconf 87' lang='lat' dir='ltr'>nomen</span> <span class='ocrx_word' id='word_1_223' title='bbox 1027 2012 1228 2050; x_wconf 88' lang='lat' dir='ltr'>obumbrat</span> <span class='ocrx_word' id='word_1_224' title='bbox 1246 2028 1254 2057; x_wconf 91' lang='lat'><strong>;</strong></span> 
     </span>
     <span class='ocr_line' id='line_1_37' title="bbox 169 2066 1122 2116; baseline -0.002 -12"><span class='ocrx_word' id='word_1_225' title='bbox 169 2066 300 2104; x_wconf 87' lang='lat' dir='ltr'>Multa</span> <span class='ocrx_word' id='word_1_226' title='bbox 319 2067 444 2103; x_wconf 86' lang='lat' dir='ltr'>virum</span> <span class='ocrx_word' id='word_1_227' title='bbox 462 2066 608 2103; x_wconf 88' lang='lat' dir='ltr'>meritis</span> <span class='ocrx_word' id='word_1_228' title='bbox 628 2068 820 2103; x_wconf 84' lang='lat' dir='ltr'>sustentat</span> <span class='ocrx_word' id='word_1_229' title='bbox 840 2066 940 2103; x_wconf 81' lang='lat' dir='ltr'>fama</span> <span class='ocrx_word' id='word_1_230' title='bbox 958 2066 1122 2116; x_wconf 84' lang='lat' dir='ltr'>tropaeis.</span> 
     </span>
    </p>

    <p class='ocr_par' dir='ltr' id='par_1_8' title="bbox 170 2119 1299 2490">
     <span class='ocr_line' id='line_1_38' title="bbox 224 2119 1202 2169; baseline -0.002 -12"><span class='ocrx_word' id='word_1_231' title='bbox 224 2120 310 2157; x_wconf 90' lang='lat' dir='ltr'>Hos</span> <span class='ocrx_word' id='word_1_232' title='bbox 329 2120 430 2157; x_wconf 90' lang='lat' dir='ltr'>inter</span> <span class='ocrx_word' id='word_1_233' title='bbox 448 2122 588 2165; x_wconf 89' lang='lat' dir='ltr'>motus,</span> <span class='ocrx_word' id='word_1_234' title='bbox 607 2120 732 2157; x_wconf 85' lang='lat' dir='ltr'>medio</span> <span class='ocrx_word' id='word_1_235' title='bbox 751 2120 791 2156; x_wconf 88' lang='lat' dir='ltr'>in</span> <span class='ocrx_word' id='word_1_236' title='bbox 811 2120 996 2169; x_wconf 84' lang='lat' dir='ltr'>flagrante</span> <span class='ocrx_word' id='word_1_237' title='bbox 1017 2119 1202 2164; x_wconf 87' lang='lat' dir='ltr'>tumultu,</span> 
     </span>
     <span class='ocr_line' id='line_1_39' title="bbox 170 2173 1110 2223; baseline -0.001 -13"><span class='ocrx_word' id='word_1_238' title='bbox 170 2173 283 2219; x_wconf 87' lang='lat' dir='ltr'>Ecce,</span> <span class='ocrx_word' id='word_1_239' title='bbox 304 2187 414 2223; x_wconf 88' lang='lat' dir='ltr'>super</span> <span class='ocrx_word' id='word_1_240' title='bbox 433 2173 557 2210; x_wconf 78' lang='lat' dir='ltr'>maesti</span> <span class='ocrx_word' id='word_1_241' title='bbox 576 2186 716 2223; x_wconf 89' lang='lat' dir='ltr'>magna</span> <span class='ocrx_word' id='word_1_242' title='bbox 736 2173 932 2210; x_wconf 88' lang='lat' dir='ltr'>Diomedis</span> <span class='ocrx_word' id='word_1_243' title='bbox 952 2173 998 2210; x_wconf 90' lang='lat' dir='ltr'>ab</span> <span class='ocrx_word' id='word_1_244' title='bbox 1019 2173 1110 2210; x_wconf 87' lang='lat' dir='ltr'>urbe</span> 
     </span>
     <span class='ocr_line' id='line_1_40' title="bbox 171 2226 1142 2276; baseline -0.002 -12"><span class='ocrx_word' id='word_1_245' title='bbox 171 2226 311 2276; x_wconf 87' lang='lat' dir='ltr'>Legati</span> <span class='ocrx_word' id='word_1_246' title='bbox 328 2240 506 2276; x_wconf 81' lang='lat' dir='ltr'>responsa</span> <span class='ocrx_word' id='word_1_247' title='bbox 523 2226 673 2264; x_wconf 83' lang='lat' dir='ltr'>ferunt:</span> <span class='ocrx_word' id='word_1_248' title='bbox 703 2226 798 2263; x_wconf 87' lang='lat' dir='ltr'>nihil</span> <span class='ocrx_word' id='word_1_249' title='bbox 817 2226 992 2263; x_wconf 83' lang='lat' dir='ltr'>omnibus</span> <span class='ocrx_word' id='word_1_250' title='bbox 1012 2229 1142 2263; x_wconf 86' lang='lat' dir='ltr'>actum</span> 
     </span>
     <span class='ocr_line' id='line_1_41' title="bbox 172 2279 1299 2330; baseline -0.002 -13"><span class='ocrx_word' id='word_1_251' title='bbox 172 2280 386 2317; x_wconf 83' lang='lat' dir='ltr'>Tantorum</span> <span class='ocrx_word' id='word_1_252' title='bbox 404 2279 584 2330; x_wconf 85' lang='lat' dir='ltr'>impensis</span> <span class='ocrx_word' id='word_1_253' title='bbox 603 2293 759 2330; x_wconf 87' lang='lat' dir='ltr'>operum</span> <span class='ocrx_word' id='word_1_254' title='bbox 776 2296 784 2326; x_wconf 89' lang='lat'>;</span> <span class='ocrx_word' id='word_1_255' title='bbox 812 2280 867 2316; x_wconf 88' lang='lat' dir='ltr'>nil</span> <span class='ocrx_word' id='word_1_256' title='bbox 885 2280 994 2325; x_wconf 89' lang='lat' dir='ltr'>dona,</span> <span class='ocrx_word' id='word_1_257' title='bbox 1013 2292 1134 2329; x_wconf 90' lang='lat' dir='ltr'>neque</span> <span class='ocrx_word' id='word_1_258' title='bbox 1153 2291 1299 2324; x_wconf 80' lang='lat' dir='ltr'>aurum,</span> 
     </span>
     <span class='ocr_line' id='line_1_42' title="bbox 172 2332 1176 2384; baseline -0.002 -14"><span class='ocrx_word' id='word_1_259' title='bbox 172 2332 256 2370; x_wconf 88' lang='lat' dir='ltr'>Nec</span> <span class='ocrx_word' id='word_1_260' title='bbox 274 2346 432 2384; x_wconf 86' lang='lat' dir='ltr'>magnas</span> <span class='ocrx_word' id='word_1_261' title='bbox 451 2333 612 2371; x_wconf 85' lang='lat' dir='ltr'>valuisse</span> <span class='ocrx_word' id='word_1_262' title='bbox 630 2347 757 2383; x_wconf 87' lang='lat' dir='ltr'>preces</span> <span class='ocrx_word' id='word_1_263' title='bbox 775 2349 782 2379; x_wconf 89' lang='lat'>;</span> <span class='ocrx_word' id='word_1_264' title='bbox 812 2333 884 2370; x_wconf 90' lang='lat' dir='ltr'>alia</span> <span class='ocrx_word' id='word_1_265' title='bbox 903 2346 1007 2370; x_wconf 88' lang='lat' dir='ltr'>arma</span> <span class='ocrx_word' id='word_1_266' title='bbox 1028 2332 1176 2369; x_wconf 85' lang='lat' dir='ltr'>Latinis</span> 
     </span>
     <span class='ocr_line' id='line_1_43' title="bbox 174 2385 1220 2437; baseline -0.001 -15"><span class='ocrx_word' id='word_1_267' title='bbox 174 2385 394 2433; x_wconf 82' lang='lat' dir='ltr'>Quaerenda,</span> <span class='ocrx_word' id='word_1_268' title='bbox 414 2389 481 2424; x_wconf 88' lang='lat' dir='ltr'>aut</span> <span class='ocrx_word' id='word_1_269' title='bbox 499 2400 630 2436; x_wconf 85' lang='lat' dir='ltr'>pacem</span> <span class='ocrx_word' id='word_1_270' title='bbox 649 2387 812 2437; x_wconf 84' lang='lat' dir='ltr'>Trojano</span> <span class='ocrx_word' id='word_1_271' title='bbox 833 2387 879 2423; x_wconf 91' lang='lat' dir='ltr'>ab</span> <span class='ocrx_word' id='word_1_272' title='bbox 898 2399 987 2436; x_wconf 85' lang='lat' dir='ltr'>rege</span> <span class='ocrx_word' id='word_1_273' title='bbox 1006 2386 1220 2436; x_wconf 85' lang='lat' dir='ltr'>petendam.</span> 
     </span>
     <span class='ocr_line' id='line_1_44' title="bbox 174 2438 987 2490; baseline 0 -14"><span class='ocrx_word' id='word_1_274' title='bbox 174 2438 317 2477; x_wconf 88' lang='lat' dir='ltr'>Deficit</span> <span class='ocrx_word' id='word_1_275' title='bbox 335 2440 485 2489; x_wconf 87' lang='lat' dir='ltr'>ingenti</span> <span class='ocrx_word' id='word_1_276' title='bbox 502 2440 611 2477; x_wconf 89' lang='lat' dir='ltr'>luctu</span> <span class='ocrx_word' id='word_1_277' title='bbox 628 2453 693 2477; x_wconf 84' lang='lat' dir='ltr'>rex</span> <span class='ocrx_word' id='word_1_278' title='bbox 712 2440 791 2490; x_wconf 85' lang='lat' dir='ltr'>ipse</span> <span class='ocrx_word' id='word_1_279' title='bbox 811 2439 987 2477; x_wconf 86' lang='lat' dir='ltr'>Latinus.</span> 
     </span>
    </p>

    <p class='ocr_par' dir='ltr' id='par_1_9' title="bbox 176 2492 1209 2650">
     <span class='ocr_line' id='line_1_45' title="bbox 176 2492 1029 2538; baseline 0 -9"><span class='ocrx_word' id='word_1_280' title='bbox 176 2492 351 2530; x_wconf 85' lang='lat' dir='ltr'>Fatalem</span> <span class='ocrx_word' id='word_1_281' title='bbox 370 2493 518 2530; x_wconf 87' lang='lat' dir='ltr'>AEnean</span> <span class='ocrx_word' id='word_1_282' title='bbox 535 2493 737 2530; x_wconf 86' lang='lat' dir='ltr'>manifesto</span> <span class='ocrx_word' id='word_1_283' title='bbox 756 2493 912 2530; x_wconf 90' lang='lat' dir='ltr'>numine</span> <span class='ocrx_word' id='word_1_284' title='bbox 930 2492 1029 2538; x_wconf 86' lang='lat' dir='ltr'>ferri,</span> 
     </span>
     <span class='ocr_line' id='line_1_46' title="bbox 176 2545 1209 2596; baseline -0.001 -14"><span class='ocrx_word' id='word_1_285' title='bbox 176 2545 371 2583; x_wconf 86' lang='lat' dir='ltr'>Admonet</span> <span class='ocrx_word' id='word_1_286' title='bbox 389 2546 446 2582; x_wconf 88' lang='lat' dir='ltr'>ira</span> <span class='ocrx_word' id='word_1_287' title='bbox 464 2546 587 2592; x_wconf 88' lang='lat' dir='ltr'>deum,</span> <span class='ocrx_word' id='word_1_288' title='bbox 606 2546 819 2596; x_wconf 87' lang='lat' dir='ltr'>tumulique</span> <span class='ocrx_word' id='word_1_289' title='bbox 838 2548 927 2582; x_wconf 86' lang='lat' dir='ltr'>ante</span> <span class='ocrx_word' id='word_1_290' title='bbox 946 2559 1010 2583; x_wconf 84' lang='lat' dir='ltr'>ora</span> <span class='ocrx_word' id='word_1_291' title='bbox 1028 2547 1209 2582; x_wconf 89' lang='lat' dir='ltr'>recentes.</span> 
     </span>
     <span class='ocr_line' id='line_1_47' title="bbox 177 2598 1128 2650; baseline -0.001 -14"><span class='ocrx_word' id='word_1_292' title='bbox 177 2598 282 2650; x_wconf 85' lang='lat' dir='ltr'>Ergo</span> <span class='ocrx_word' id='word_1_293' title='bbox 303 2598 503 2636; x_wconf 87' lang='lat' dir='ltr'>concilium</span> <span class='ocrx_word' id='word_1_294' title='bbox 521 2612 717 2649; x_wconf 88' lang='lat' dir='ltr'>magnum,</span> <span class='ocrx_word' id='word_1_295' title='bbox 737 2599 952 2649; x_wconf 87' lang='lat' dir='ltr'>primosque</span> <span class='ocrx_word' id='word_1_296' title='bbox 972 2612 1128 2636; x_wconf 87' lang='lat' dir='ltr'>suorum</span> 
     </span>
    </p>
   </div>
   <div class='ocr_carea' id='block_1_3' title="bbox 1350 96 1428 135">
    <p class='ocr_par' dir='ltr' id='par_1_10' title="bbox 1350 96 1428 135">
     <span class='ocr_line' id='line_1_48' title="bbox 1350 96 1428 135; baseline 0.013 -1"><span class='ocrx_word' id='word_1_297' title='bbox 1350 96 1428 135; x_wconf 85' lang='lat'>357</span> 
     </span>
    </p>
   </div>
  </div>
 </body>
</html>
