1705 2744
664 90 902 118 GEORGICON
919 89 1002 116 LIB.
1021 89 1070 115 11.

234 186 508 236 Fraxineasque
527 188 655 236 aptare
673 186 783 223 sudes
802 186 997 235 fiii-casque
1014 183 1196 231 bicornes,

231 240 385 278 Viribus
404 240 498 278 eniti
516 253 685 290 quarum,
704 242 744 277 et
762 241 1001 277 contemnere
1018 240 1153 275 ventos

232 294 474 340 Assuescant,
493 306 731 343 summasque
750 292 855 343 sequi
872 291 1045 330 tabulata
1060 305 1127 341 per
1145 291 1279 328 ulmos.

285 348 353 394 Ac,
373 347 465 384 dum
481 346 604 397 prima
620 346 728 384 novis
748 345 927 384 adolescit
945 344 1140 382 frondibus
1159 347 1261 391 aetas,

232 399 470 438 Parcendum
487 399 650 446 teneris;
677 402 716 437 et
736 400 828 437 dum
847 412 885 437 se
903 399 1012 436 laetus
1032 398 1080 435 ad
1097 412 1205 436 auras

232 453 383 492 Palmes
402 453 494 504 agit,
513 452 606 490 laxis
624 466 690 503 per
707 466 845 503 purum
864 452 1054 490 immissus
1072 451 1240 498 habenis,

231 506 323 556 Ipsa
340 507 417 545 acie
434 506 603 544 nondum
621 506 727 544 falcis
745 506 940 553 tentanda,
960 505 1025 543 sed
1043 505 1149 543 uncis

231 559 436 610 Carpendae
455 560 630 598 manibus
649 560 811 606 frondes,
830 560 1003 610 interque
1021 558 1201 609 legendae.

231 613 328 651 Inde
346 614 411 651 ubi
423 613 505 664 jam
523 613 655 651 validis
674 613 853 664 amplexae
872 613 1052 663 stirpibus
1070 612 1192 650 ulmos

231 666 417 713 Exierint,
436 669 521 704 tum
540 667 685 718 stringe
703 680 840 713 comas,
857 669 944 704 tum
960 666 1114 703 brachia
1131 665 1269 703 tonde:

230 720 334 758 Ante
351 720 598 758 reformidant
616 721 778 766 serrum3
805 722 891 758 tum
909 719 1068 770 denique
1082 719 1175 757 dura

230 773 374 811 Exerce
391 774 558 824 imperia,
573 776 612 812 et
630 787 753 811 ramos
772 786 964 823 compesce
977 773 1149 810 fluentes.

282 826 468 865 Texendae
487 840 591 877 sepes
610 827 736 873 etiam,
755 829 795 865 et
812 840 925 877 pecus
945 840 1055 864 omne
1074 825 1295 871 tenendum,

230 878 425 930 Praecipue
443 881 534 917 dum
553 881 655 918 frons
674 882 804 918 tenera-
821 880 1115 930 imprudensque
1133 880 1304 917 laborum
1321 896 1328 916 :

229 932 312 979 Cui,
327 947 438 983 super
454 933 628 984 indignas
647 933 788 972 hiemes
807 933 998 984 solemque
1015 937 1224 984 potentem,

228 985 426 1024 Silvestres
444 987 503 1024 un·
521 987 668 1024 assidue
687 1000 900 1038 capreaeque
919 1001 1094 1038 sequaces

227 1039 416 1087 IUudunt,
435 1043 643 1090 pascuntur
661 1054 749 1078 oves
769 1041 960 1091 avidaeque
973 1041 1157 1092 juvencae.

226 1092 387 1143 Frigora
404 1107 472 1131 nec
490 1095 644 1131 tantum
663 1107 756 1132 cana
773 1097 948 1132 concreta
965 1094 1110 1144 pruina,

225 1146 308 1183 Aut
326 1147 451 1197 gravis
469 1147 690 1186 incumbens
710 1148 871 1198 scopulis
891 1148 1084 1185 arentibus
1103 1149 1225 1192 aestas,

225 1199 420 1245 Quantum
438 1200 493 1238 illi
511 1215 670 1239 nocuere
688 1215 833 1252 greges,
852 1201 1010 1252 durique
1028 1214 1217 1239 venenum

224 1252 373 1299 Dentis,
395 1256 434 1292 et
452 1254 624 1292 admorso
643 1255 795 1306 signata
810 1255 851 1292 in
869 1255 987 1305 stirpe
1005 1255 1172 1293 cicatrix.

223 1306 314 1344 Non
333 1307 443 1345 aliam
458 1309 506 1345 ob
525 1308 673 1359 culpam
692 1309 843 1346 Baccho
858 1321 967 1359 caper
985 1309 1160 1346 omnibus
1179 1307 1251 1346 aris

225 1359 402 1408 Caeditur,
422 1363 462 1400 et
480 1364 625 1400 veteres
643 1362 779 1400 ineunt
797 1362 992 1413 proscenia
1008 1362 1100 1409 ludi,

219 2378 451 2431 Praemiaque
469 2381 631 2432 ingeniis
649 2396 766 2434 pagos
786 2386 825 2421 et
844 2384 1011 2434 compita
1026 2384 1168 2422 circum

219 2432 391 2471 Thesidae
410 2448 590 2484 posuere3
619 2439 733 2487 atque
751 2437 854 2474 inter
872 2438 1006 2488 pocula
1024 2438 1104 2475 laeti

218 2485 394 2524 Mollibus
412 2488 453 2525 in
471 2489 589 2538 pratis
607 2493 743 2528 unctos
763 2491 904 2528 saluere
918 2505 985 2541 per
999 2494 1114 2530 utres.

218 2538 259 2575 N
260 2553 300 2577 ec
317 2554 394 2577 non
412 2542 584 2589 Ausonii,
604 2543 717 2594 Troja
735 2558 828 2594 gens
847 2545 971 2590 missa„
993 2545 1116 2582 coloni

218 2591 396 2631 Versibus
414 2595 591 2634 incomtis
610 2597 748 2635 ludunt
767 2599 918 2648 risuque
937 2598 1074 2646 soluto,
