1705 2744
184 79 260 117 138
592 91 626 117 P.
647 92 833 120 VIRGILII
853 93 1041 121 MARONIS

179 1155 257 1194 Hae
269 1170 289 1194 c
309 1157 396 1195 finis
417 1158 561 1196 Priami
578 1159 767 1206 fatorum3
794 1159 857 1197 hic
876 1159 1001 1197 exitus
1019 1159 1130 1197 inum

188 1209 298 1248 Sorte
316 1211 421 1259 tulit,
442 1212 596 1263 Trojam
614 1213 806 1251 incensam
825 1215 864 1251 et
882 1213 1056 1264 prolapsa
1072 1213 1269 1250 videntem

187 1263 386 1315 Pergama,
405 1267 468 1303 tot
487 1266 678 1316 quondam
695 1267 842 1318 populis
860 1267 1045 1317 terrisque
1065 1266 1270 1316 superbum

187 1316 449 1368 Regnatorem
467 1320 579 1357 Asiae.
636 1320 664 1357 ,J
666 1322 749 1358 acet
766 1321 900 1371 ingens
918 1320 1029 1358 litore
1042 1322 1219 1365 truncus,

187 1371 450 1423 Axmlsumque
468 1372 635 1411 humeris
655 1376 780 1424 caput,
799 1376 839 1411 et
858 1374 938 1411 sine
956 1373 1108 1411 nomine
1127 1386 1274 1423 corpus.

242 1427 263 1444 “
277 1425 335 1463 At
352 1439 414 1464 me
432 1428 519 1464 tum
537 1427 705 1477 primum
723 1441 848 1465 saevus
868 1427 1124 1465 circumstetit
1142 1427 1297 1464 horror:

189 1477 403 1529 Obstupui3
432 1480 550 1517 subiit
569 1480 644 1518 cari
661 1481 844 1531 genitoris
862 1480 1001 1531 imago,

189 1531 249 1569 Ut
266 1545 396 1583 regem
414 1547 623 1584 aequaevum
641 1534 784 1572 erudeli
800 1534 956 1572 vulnere
973 1533 1053 1571 vidi

188 1584 322 1623 Vitam
341 1586 604 1634 exhalantem;
632 1588 749 1625 subiit
768 1588 917 1625 deserta
936 1587 1087 1634 Creusa,

189 1638 247 1676 Et
265 1639 414 1690 direpta
432 1640 578 1687 domus,
597 1642 637 1678 et
655 1641 762 1691 parvi
781 1654 887 1679 casus
907 1640 996 1678 Iuli.

190 1691 379 1743 Respicio,
400 1695 440 1731 et
459 1707 544 1744 quae
565 1694 616 1732 sit
635 1708 696 1732 me
715 1694 857 1732 circum
876 1694 983 1744 copia
1000 1694 1134 1732 lustro.

190 1745 399 1785 Deseruere
418 1760 547 1785 omnes
567 1747 724 1795 defessi3
752 1750 791 1786 et
811 1761 967 1799 corpora
985 1747 1087 1785 saltu

189 1799 254 1836 Ad
271 1801 414 1838 terram
431 1801 567 1839 misere
585 1803 653 1839 aut
670 1802 823 1852 ignibus
842 1815 942 1852 aegra
960 1801 1105 1839 dedere.

244 1855 265 1872 “
282 1853 328 1903 [J
330 1867 465 1904 amque
484 1854 576 1892 adeo
595 1868 707 1905 super
725 1869 824 1893 unus
843 1868 968 1902 eram3
996 1868 1115 1905 quum
1132 1853 1265 1892 limina
1282 1852 1412 1890 Vestae

190 1904 415 1944 Servantem
433 1910 472 1945 et
490 1908 650 1946 tacitam
669 1911 813 1947 secreta
829 1908 870 1946 in
888 1908 974 1946 sede
992 1908 1179 1946 latentem

191 1958 411 2009 Tyndarida
428 1961 566 2011 aspicio
580 1978 589 2008 3
617 1962 711 2000 dant
730 1962 831 2000 clara
847 1961 1021 2000 incendia
1038 1962 1163 2000 lucem

190 2011 359 2059 Errauti,
377 2014 592 2065 passimque
611 2016 737 2053 oculos
756 2029 822 2066 per
841 2017 979 2053 cuncta
996 2015 1146 2053 ferenti.

191 2065 266 2103 Illa
283 2066 355 2104 sibi
372 2067 530 2105 infestos
549 2081 677 2106 eversa
695 2069 742 2106 ob
763 2069 950 2119 Pergama
969 2068 1145 2115 Teucros,

190 2118 247 2157 Et
264 2133 393 2170 poenas
413 2120 591 2158 Danaum
610 2123 649 2159 et
668 2122 807 2160 deserti
825 2122 996 2173 conjugis
1015 2121 1089 2159 iras

190 2171 466 2221 Praemetuens‚
485 2174 606 2225 Trojae
625 2176 664 2212 et
683 2175 816 2225 patriae
835 2174 1046 2213 communis
1065 2173 1220 2225 Erinys,

190 2226 402 2265 Abdiderat
421 2241 511 2275 sese,
531 2230 645 2278 atque
664 2228 736 2265 aris
755 2228 878 2266 invisa
895 2228 1061 2266 sedebat.
1086 2270 1090 2275 ,

190 2279 375 2318 Exarsere
392 2280 500 2331 ignes
519 2281 667 2328 anim03
696 2281 800 2320 subit
817 2282 873 2319 ira
891 2281 1090 2319 cadentem

190 2332 336 2372 Ulcisei
353 2335 528 2384 patriam,
549 2337 588 2373 et
607 2335 805 2373 sceleratas
825 2348 971 2373 sumere
989 2348 1141 2385 poenas:

191 2386 342 2426 Scilicet
361 2388 446 2426 haec
465 2388 642 2439 Spartam
659 2388 859 2426 incolumis
877 2388 1095 2439 patriasque
1114 2387 1300 2439 Mycenas

191 2440 375 2491 Aspiciet,
393 2444 578 2492 partoque
596 2442 668 2480 ibit
687 2442 819 2493 regina
835 2441 1065 2492 triumpho?

190 2493 506 2546 Conjugiumqoe,
526 2496 767 2546 domumque,
785 2498 924 2546 patres,
943 2497 1129 2546 natosque
1147 2493 1305 2540 videbit,

187 2547 356 2586 Iliadum
373 2549 489 2587 turba
507 2551 546 2587 et
566 2549 749 2600 Phrygiis
769 2549 953 2587 comitata
970 2548 1157 2586 ministris
1173 2548 1191 2587 Ρ

191 2600 381 2640 Occiderit
399 2602 497 2642 ferro
517 2602 691 2641 Priamus
706 2602 724 2641 Ρ
779 2603 893 2655 Troja
910 2602 1044 2641 arserit
1061 2602 1144 2654 igni
1160 2601 1178 2641 Ρ
