1674 2775
234 93 312 130 328
646 102 681 128 P.
701 101 891 129 VIRGILII
910 102 1101 130 MARONIS

234 198 334 235 Fata
351 196 452 234 viam
470 196 706 234 invenient.''
764 196 893 247 Stygii
910 211 976 247 per
993 198 1153 236 flumina
1169 199 1310 246 fratris,

234 251 309 288 Per
327 250 409 300 pice
427 252 617 287 torrentes
637 252 792 298 atraque
811 251 990 300 voragine
1009 251 1108 301 ripas

233 303 396 349 Annuit,
415 305 455 341 et
473 305 603 341 totum
622 306 722 340 nutu
739 304 952 341 tremefecit
972 304 1192 355 Olympum.

233 357 313 394 Hic
331 357 417 394 finis
437 356 552 393 fandi.
609 356 710 393 Solio
729 359 816 393 tum
835 356 991 407 Jupiter
1009 371 1121 395 aureo

233 410 379 460 Surgit,
398 409 579 447 coelicolae
598 409 766 446 medium
785 423 898 459 quem
916 411 964 447 ad
980 411 1113 448 limina
1131 412 1288 448 ducunt.

287 463 442 501 Interea
460 462 601 500 Rutuli
619 462 739 512 portis
759 463 902 500 circum
922 464 1098 501 omnibus
1116 464 1264 501 instant

235 517 411 554 Sternere
431 516 531 553 caede
550 516 662 561 viros,
683 519 722 553 et
741 516 882 553 moenia
900 516 1050 567 cingere
1069 517 1245 554 flammis.

234 571 290 607 At
309 569 408 620 legio
427 569 644 607 AEneadum
661 569 769 606 vallis
789 570 940 607 obsessa
958 574 1112 608 tenetur
1129 587 1137 616 3

235 624 319 660 Nec
338 636 422 672 spes
440 623 519 659 ulla
536 622 650 672 fugae.
709 623 844 660 Miseri
864 625 969 660 stant
988 624 1158 661 turribus
1178 623 1264 661 altis

234 676 517 726 Nequidquam,
537 678 577 712 et
595 689 679 712 rara
698 689 826 713 muros
846 676 993 714 cinxere
1014 690 1169 714 corona:

234 730 350 767 Asius
371 729 612 775 Imbrasides,
634 729 959 779 Hicetaoniusque
979 730 1216 780 Thymoetes,

234 782 483 831 Assaracique
503 782 589 827 duo,
610 784 649 819 et
669 782 793 820 senior
812 796 900 820 cum
920 782 1076 821 Castore
1096 782 1316 834 Thymbris,

234 836 367 873 Prima
385 836 493 873 acies.
550 835 636 872 Hos
655 836 827 886 germani
846 836 1070 886 Sarpedonis
1090 838 1212 882 ambo,

234 890 291 926 Et
311 889 443 926 Clarus
463 891 502 926 et
522 888 708 935 Themon,
729 889 849 939 Lycia
867 890 1101 927 comitantur
1120 891 1167 928 ab
1187 890 1276 927 alta.

235 943 330 980 Fert
349 943 484 992 ingens
503 944 588 979 toto
609 942 792 979 connixus
811 956 965 993 corpore
984 957 1128 989 saxum,

236 996 355 1033 Haud
372 998 522 1045 partem
541 995 717 1046 exiguam
734 996 889 1043 montis,
910 996 1135 1046 Lyrnessius
1156 997 1317 1041 Acmon,

234 1049 318 1087 Nec
339 1048 468 1099 Clytio
487 1048 660 1098 genitore
679 1049 814 1096 minor,
833 1063 902 1087 nec
921 1049 1037 1087 fratre
1058 1049 1298 1087 Menestheo.

235 1102 293 1139 Hi
306 1102 454 1153 jaculis,
473 1102 529 1139 1111
547 1104 697 1140 certant
717 1102 914 1140 defendere
933 1103 1043 1149 saxis

235 1155 442 1205 Molirique
460 1156 601 1206 ignem,
621 1169 810 1205 nervoque
830 1159 959 1206 aptare
979 1156 1152 1207 sagittas

235 1209 325 1258 Ipse
343 1209 444 1246 inter
463 1209 618 1255 medios,
638 1209 795 1246 Veneris
808 1209 1023 1260 justissima
1041 1223 1140 1255 cura,

234 1262 451 1299 Dardanius
471 1265 584 1312 caput
604 1275 688 1300 ecce
706 1276 800 1312 puer
819 1263 992 1300 detectus
1011 1263 1229 1307 honestum,

236 1315 366 1362 Qualis
386 1329 538 1365 gemma
555 1315 684 1362 micat,
703 1316 852 1352 fulvum
873 1329 955 1365 quae
976 1316 1114 1353 dividit
1133 1329 1280 1362 aurum,

234 1369 319 1406 Aut
338 1369 432 1407 collo
453 1369 565 1406 decus
585 1372 652 1406 aut
673 1369 789 1418 capiti
805 1385 814 1416 ;
841 1369 903 1406 vel
921 1369 1030 1418 quale
1050 1382 1115 1419 per
1134 1372 1256 1405 artem

236 1422 435 1459 Inclusum
453 1422 566 1468 buxo,
586 1425 653 1459 aut
674 1422 800 1459 Oricia
817 1422 1048 1467 terebintho,

234 1475 358 1512 Lucet
378 1476 492 1521 ebur3
520 1476 623 1512 fusos
642 1475 767 1512 cervix
786 1476 847 1512 cui
865 1475 988 1513 lactea
1006 1475 1126 1512 crines

235 1528 388 1578 Accipit
408 1531 447 1565 et
466 1528 572 1565 molli
591 1528 817 1565 subnectens
837 1528 997 1566 circulus
1017 1542 1119 1565 auro.

235 1581 291 1618 Te
311 1594 460 1631 quoque
479 1581 734 1631 magnaniniae
752 1581 942 1627 viderunt,
963 1581 1119 1627 Ismare‚
1139 1582 1273 1631 gentes

235 1634 405 1672 Vulnera
424 1634 585 1685 dirigere
605 1637 644 1671 et
664 1634 826 1671 calamos
845 1648 990 1672 armare
1009 1647 1165 1680 veneno,

236 1688 405 1725 Maeonia
424 1701 603 1738 generose
622 1687 756 1725 domo:
786 1688 852 1725 ubi
870 1687 1027 1738 pinguia
1045 1687 1150 1725 culta

235 1741 503 1790 Exercentque
522 1741 605 1787 viri,
626 1741 880 1791 Pactolusque
898 1741 1033 1791 irrigat
1052 1754 1154 1778 auro.

235 1794 362 1832 Affuit
381 1796 420 1832 et
440 1794 681 1840 Mnestheus,
701 1808 812 1843 quem
831 1794 930 1844 pulsi
947 1794 1109 1845 pristina
1128 1792 1250 1830 Turni

236 1848 389 1897 Aggere
408 1861 615 1885 moerorum
634 1848 834 1885 sublimem
853 1848 974 1899 gloria
991 1847 1108 1893 tollit,

236 1900 292 1938 Et
313 1900 460 1951 Capys:
489 1901 579 1938 hinc
598 1914 738 1939 nomen
758 1900 962 1952 Campanae
983 1902 1135 1938 ducitur
1153 1899 1250 1937 urbi.
