1674 2775
254 129 331 167 338
660 139 695 166 Ρ.
715 139 901 166 ἩΒῡηΠ
920 139 1108 167 MAnoms

254 233 559 282 Impressumque
577 232 810 270 nefas—una
827 233 896 271 sub
915 235 1026 272 noete
1040 233 1163 285 jugali

254 286 362 323 Caesa
378 298 511 322 manus
525 285 709 335 juvenum
727 286 835 330 foede,
854 286 1086 336 thalamique
1106 287 1320 335 cruenti,—

254 339 346 384 Quae
365 337 505 375 Clonus
526 338 731 388 Eurytides
750 339 872 376 multo
891 339 1086 377 caelaverat
1105 352 1196 377 auro
1212 356 1220 377 :

254 391 338 437 Quo
356 405 456 428 nune
475 391 626 428 Turnus
645 394 734 429 ovat
753 392 869 441 spolio
889 392 1103 442 gaudetque
1121 393 1278 442 potitus.

253 443 392 481 Nescia
410 457 515 481 mens
533 444 730 481 hominum
749 444 818 482 fati
837 445 1021 494 sortisque
1039 446 1189 492 futurae,

254 496 309 533 Et
328 510 474 534 servare
492 497 659 543 modum,
677 497 787 534 rebus
806 497 956 534 sublata
973 498 1144 535 secundis
1161 499 1168 535 Ξ

253 549 382 587 Turno
401 552 550 598 tempus
570 550 652 595 erit,
672 563 810 600 magno
829 563 946 599 quum
965 551 1152 600 optaverit
1170 553 1317 588 emtum

254 601 451 639 Intactum
472 602 655 648 Pallanta,
675 605 714 640 et
733 616 850 653 quum
870 603 987 652 spolia
1004 603 1078 640 ista
1097 603 1269 653 diemque

254 654 398 692 Oderit.
454 656 508 692 At
527 655 617 693 socii
635 656 757 693 multo
775 656 923 705 gemitu
942 655 1177 706 lacrimisque

257 1605 487 1656 Impositum
506 1611 614 1646 scuto
632 1608 799 1646 referunt
818 1607 995 1644 Pallanta
1011 1606 1236 1655 frequentes.

257 1658 291 1696 O
310 1659 416 1697 dolor
435 1664 548 1710 atque
567 1662 679 1699 decus
698 1674 880 1711 magnum
898 1659 1063 1697 rediture
1081 1658 1230 1708 parenti
1246 1658 1254 1694 ἱ

256 1711 354 1749 Haec
374 1715 413 1750 te
432 1715 554 1764 prima
572 1715 650 1752 dies
668 1713 767 1751 bello
785 1713 901 1759 dedit,
920 1712 999 1749 haec
1018 1711 1148 1749 eadem
1167 1710 1301 1756 aufert,

258 1764 385 1811 Quum
403 1769 532 1804 tamen
550 1768 724 1818 ingentes
743 1765 975 1803 Rutulorum
994 1764 1133 1814 linquis
1152 1763 1326 1800 acervos!

310 1817 393 1855 Nec
405 1819 487 1869 jam
504 1820 605 1857 fama
621 1820 712 1857 mali
728 1819 840 1864 tanti,
860 1818 925 1856 sed
943 1817 1079 1855 certior
1097 1819 1228 1854 auctor

259 1870 425 1909 Advolat
445 1873 588 1920 AEneae,
607 1873 715 1910 tenui
733 1871 946 1909 discrimine
964 1870 1032 1908 leti

258 1923 354 1961 Esse
373 1938 459 1962 suos
476 1942 483 1963 :
512 1929 674 1976 tempus,
693 1925 808 1963 versis
828 1936 1039 1962 succurrere
1058 1921 1224 1959 Teucris.

258 1975 436 2014 Proxima
455 1991 612 2028 quaeque
630 1978 744 2016 metit
762 1977 898 2028 gladio,
918 1977 1115 2025 latumque
1133 1987 1201 2024 per
1218 1986 1355 2024 agmen

258 2029 406 2067 Ardens
425 2031 587 2069 limitem
606 2032 687 2082 agit
705 2031 825 2077 ferro3
852 2033 904 2076 te,
922 2029 1058 2074 Turne,
1078 2027 1282 2077 superbum

259 2081 371 2119 Caede
390 2097 488 2122 nova
506 2097 687 2134 quaerens.
743 2083 878 2129 Pallas,
898 2082 1086 2127 Evander,
1105 2081 1145 2117 in
1162 2079 1256 2129 ipsis

259 2133 398 2172 Omnia
417 2139 506 2174 sunt
525 2137 662 2183 oculj53
689 2149 841 2181 mensae,
861 2148 952 2185 quas
971 2135 1115 2172 advena
1132 2133 1271 2183 primas

259 2186 367 2225 Tunc
386 2189 491 2235 adiit,
511 2190 725 2239 dextraeque
744 2190 854 2226 datae.
910 2187 1087 2224 Sulmone
1106 2186 1249 2223 creatos

260 2239 432 2285 Quatuor
449 2242 510 2280 hie
523 2243 702 2292 juvenes;
728 2241 902 2287 totidem,
922 2252 1013 2289 quos
1031 2238 1166 2276 educat
1185 2236 1317 2282 Ufens,

260 2293 441 2332 Viventes
460 2296 571 2346 rapit,
589 2296 739 2332 inferias
758 2307 850 2344 quos
869 2292 1039 2329 immolet
1058 2290 1213 2336 umbris,

260 2345 494 2397 Captivoque
512 2348 595 2398 rogi
612 2347 813 2397 perfundat
831 2345 1013 2395 sanguine
1030 2344 1212 2381 flammas.

260 2399 356 2437 Inde
376 2400 495 2451 Mago
513 2401 644 2451 procul
661 2400 846 2438 infensam
864 2397 1109 2436 contenderat
1127 2396 1291 2433 hastam.

261 2452 333 2490 Ille
352 2455 438 2490 astu
457 2455 581 2500 subit3
609 2456 650 2491 at
667 2451 915 2491 tremebunda
933 2449 1147 2500 supervolat
1165 2448 1298 2492 hasta;

259 2505 315 2542 Et
334 2519 457 2556 genua
476 2507 705 2557 amplectens
724 2506 859 2544 effatur
876 2503 969 2541 talia
986 2502 1143 2552 supplex
1158 2517 1166 2538 :

260 2560 281 2576 “
300 2557 374 2595 Per
391 2560 533 2609 patrios
551 2573 691 2605 manes,
709 2571 775 2609 per
794 2571 876 2608 spes
895 2555 1084 2605 surgentis
1103 2553 1209 2613 Iuli,-

261 2610 314 2648 Te
332 2624 474 2661 precor,
491 2613 589 2651 hanc
607 2612 771 2650 animam
790 2623 912 2649 serves
930 2611 1094 2658 natoque
1111 2609 1298 2658 patnque.
