1674 2775
652 97 843 125 AENEmos
862 98 946 124 Lm.
966 97 1025 124 Χῖ.
1399 90 1478 127 361

204 192 305 240 Quid
323 192 479 231 miseros
497 192 614 230 toties
631 192 673 230 in
691 195 822 244 aperta
839 193 1004 244 pericula
1023 193 1123 231 cives

203 246 374 297 Projicis,
394 260 416 284 o
436 246 549 284 Latio
568 252 683 297 caput
700 247 839 284 horum
859 250 897 285 et
917 261 1028 285 causa
1045 246 1265 285 malorum?

202 300 323 337 Nulla
341 300 440 337 salus
461 299 579 337 bello:
609 313 738 350 pacem
757 303 798 338 te
816 300 1006 351 poscimus
1026 315 1168 347 omnes,

204 353 345 400 Turne,
366 354 480 390 simul
482 353 600 413 pacis
619 354 742 391 solum
760 354 977 392 inviolabile
996 354 1147 405 pignus.

204 406 358 444 Primus
378 421 460 457 ego,
479 407 646 444 invisum
667 421 778 457 quem
798 411 845 445 tu
863 407 935 445 tibi
954 408 1079 458 fingis,
1099 410 1139 445 et
1158 421 1239 446 esse

203 460 274 497 Nil
292 474 429 507 moror,
449 474 496 498 en
515 460 672 511 supplex
690 461 813 499 venio.
870 461 1052 499 Miserere
1070 464 1240 508 tuorum,

204 513 311 551 Pone
330 514 487 560 animos,
507 517 547 552 et
565 514 698 565 pulsus
718 515 790 552 abi.
847 514 915 552 Sat
934 515 1067 552 funera
1084 516 1159 552 fusi

203 566 392 613 Vidimus,
411 568 587 618 ingentes
606 570 645 606 et
664 568 917 606 desolavimus
937 582 1059 619 agros.

204 620 288 657 Aut
308 621 340 658 si
357 621 459 658 fama
476 624 618 668 movet,
637 621 669 658 si
687 624 841 672 tantum
861 624 1013 672 pectore
1031 622 1147 660 robur

205 673 393 725 Concipis,
414 678 453 712 et
472 675 503 712 si
523 675 614 712 adeo
634 675 771 712 dotalis
790 676 894 725 regia
913 676 1016 713 cordi
1034 679 1115 722 est3

203 727 328 774 Ande,
348 730 462 778 atque
482 728 681 766 adversum
701 729 819 766 fidens
838 729 894 766 fer
912 733 1045 779 pectus
1064 729 1105 766 in
1124 729 1289 767 hostem.

204 780 368 827 Scilicet,
389 786 433 819 ut
453 782 584 819 Turno
603 781 805 832 contingat
823 785 928 832 regia
947 783 1095 833 conjux,

206 834 303 881 Nos,
323 835 458 872 animae
477 835 581 881 viles,
600 835 803 873 inhumata
820 836 1024 885 infletaque
1043 836 1168 882 turba,

204 887 430 926 Sternamur
449 889 602 939 campis.
658 889 713 926 Et
727 889 808 939 jam
826 892 884 935 tu,
904 889 936 927 si
955 903 1030 939 qua
1046 890 1116 927 tibi
1137 889 1207 935 vis,

205 941 246 979 Si
264 942 379 992 patrii
399 943 491 992 quid
510 942 652 980 Martis
670 943 799 990 habes,
818 943 929 980 illum
949 943 1072 994 aspice
1091 949 1236 989 contra,

205 995 281 1042 Qui
299 996 451 1033 vocat.’'

259 1049 416 1087 Talibus
435 1050 575 1087 exarsit
594 1050 706 1088 dictis
725 1049 907 1087 violentia
925 1050 1068 1096 Turni3

205 1101 287 1140 Dat
306 1103 507 1153 gemitum,
526 1104 746 1154 rumpitque
764 1103 833 1141 has
851 1104 929 1141 imo
948 1107 1100 1154 pectore
1117 1117 1227 1141 voces
1242 1120 1250 1141 ε

206 1158 228 1175 “
242 1156 370 1207 Larga
388 1157 553 1207 quidem,
575 1157 735 1203 Drance,
756 1171 903 1208 semper
921 1157 994 1195 tibi
1013 1158 1120 1208 copia
1138 1157 1242 1194 fandi

205 1210 320 1257 Tum,
341 1225 459 1261 quum
478 1211 575 1248 bella
593 1224 728 1248 manus
747 1214 933 1261 poscunt3
960 1211 1207 1261 patribusque
1225 1211 1370 1249 vocatis

206 1263 361 1302 Primus
381 1265 480 1302 ades.
537 1264 611 1301 Sed
629 1278 707 1301 non
726 1265 905 1314 replenda
923 1267 982 1303 est
1001 1265 1104 1302 curia
1122 1264 1258 1311 verbis,

208 1317 301 1365 Quae
319 1320 408 1356 tuto
427 1318 500 1356 tibi
518 1331 659 1368 magna
677 1318 821 1364 volant,
841 1318 934 1355 dum
953 1318 1112 1356 distinet
1131 1318 1285 1356 hostem

205 1372 339 1422 Agger
357 1385 575 1417 moerorum,
595 1385 663 1409 nec
682 1371 873 1409 inundant
893 1372 1078 1423 sanguine
1096 1372 1217 1409 fossae.

206 1425 373 1463 Proinde
392 1428 486 1463 tona
505 1425 877 1475 eloquio,—solitum
895 1426 967 1463 tibi
983 1443 990 1471 ;
1019 1439 1154 1476 meque
1173 1425 1323 1463 timoris

205 1479 338 1530 Argue
357 1481 413 1526 tu,
433 1479 596 1523 Drance,
616 1479 766 1528 quando
784 1482 848 1517 tot
867 1479 1006 1530 stragis
1027 1493 1178 1517 acervos

207 1532 442 1571 Teucrorum
461 1535 530 1570 tua
549 1533 682 1570 dextra
701 1533 817 1577 dedit,
837 1533 1052 1583 passimque
1069 1532 1224 1583 tropaeis

206 1585 377 1637 Insignis
397 1600 519 1637 agros.
575 1585 704 1623 Possit
724 1586 814 1636 quid
833 1586 960 1623 vivida
978 1586 1113 1633 virtus,

206 1639 415 1690 Experiare
434 1640 545 1678 licet:
574 1653 643 1677 nec
662 1639 775 1690 longe
795 1640 937 1678 scilicet
956 1639 1086 1677 hostes

208 1693 413 1740 Quaerendi
431 1693 540 1731 nobis
557 1710 564 1740 3
593 1693 844 1731 circumstant
862 1693 1029 1743 undique
1048 1706 1189 1730 muros.

207 1746 317 1784 Imus
335 1746 376 1784 in
395 1746 602 1786 adversos?
631 1747 723 1797 quid
742 1761 862 1785 cessas
880 1746 897 1785 Ρ
926 1761 973 1784 an
992 1747 1065 1784 tibi
1086 1747 1243 1784 Mavors

206 1799 378 1838 Ventosa
396 1801 436 1838 in
454 1801 588 1852 lingua
606 1800 838 1852 pedibusque
857 1800 1055 1852 fugacibus
1074 1800 1159 1837 istis

206 1853 363 1904 Semper
382 1854 454 1892 erit
469 1854 487 1892 Ρ

207 1906 349 1945 Pulsus
369 1921 439 1958 ego
457 1907 474 1946 ?
504 1909 571 1945 aut
590 1907 790 1959 quisquam
809 1907 958 1953 merito,
977 1907 1194 1953 foedissime,
1213 1906 1367 1957 pulsum

207 1961 370 2012 Arguet,
391 1961 509 1999 Iliaco
528 1961 720 1999 tumidum
741 1961 805 2012 qui
825 1975 988 1999 crescere
1007 1961 1197 2011 Thybrim

208 2014 414 2065 Sanguine,
434 2018 473 2053 et
494 2015 664 2052 Evandri
682 2017 807 2052 totam
828 2028 914 2052 cum
935 2015 1053 2065 stirpe
1071 2014 1217 2051 videbit

206 2067 460 2106 Procubuisse
480 2068 648 2114 domum,
670 2071 785 2119 atque
805 2072 939 2106 exutos
959 2068 1126 2106 Arcadas
1146 2066 1292 2106 armis?

206 2121 328 2159 Haud
346 2122 402 2160 ita
420 2136 482 2160 me
501 2122 644 2172 experti
666 2122 791 2160 Bitias
811 2124 850 2159 et
871 2122 1067 2159 Pandarus
1086 2122 1234 2172 ingens,

207 2174 264 2213 Et
284 2189 378 2226 quos
397 2176 502 2214 mille
520 2176 580 2213 die
599 2175 722 2213 victor
741 2176 812 2213 sub
831 2175 992 2213 Tartara
1010 2175 1108 2222 misi,

207 2227 386 2267 Inclusus
405 2230 524 2267 muris
543 2229 750 2280 hostilique
770 2243 908 2280 aggere
927 2232 1070 2280 septus.

206 2282 328 2320 Nulla
345 2284 445 2321 salus
462 2283 574 2321 bello.
631 2282 759 2333 Capiti
777 2297 868 2321 cane
886 2283 979 2320 talia
998 2283 1152 2320 demens

208 2335 416 2383 Dardanio,
435 2337 622 2387 rebusque
640 2337 731 2374 tuis.
787 2337 953 2375 Proinde
973 2336 1101 2374 omnia
1118 2349 1259 2387 magno

208 2388 271 2427 Ne
290 2403 393 2428 cessa
410 2392 566 2429 turbare
584 2393 703 2436 metu,
724 2392 839 2441 atque
858 2390 1037 2428 extollere
1056 2390 1154 2427 vires

209 2442 347 2481 Gentis
365 2444 423 2481 bis
442 2444 575 2490 victae3
604 2422 737 2482 contia
755 2457 923 2494 premere
943 2456 1048 2480 arma
1066 2442 1209 2480 Latini.

208 2495 326 2535 Nune
345 2499 384 2535 et
404 2475 697 2548 Myrmidonum
716 2511 887 2548 proceres
907 2497 1079 2547 Phrygia
1098 2509 1202 2534 arma
1220 2495 1461 2541 tremiscunt,

207 2548 326 2588 Nune
345 2552 384 2588 et
404 2551 583 2601 Tydides,
602 2554 642 2588 et
662 2551 871 2588 Larissaeus
893 2529 1082 2596 Achilles3

209 2604 348 2642 Amnis
368 2607 408 2642 et
427 2604 639 2642 Hadria-cas
658 2607 760 2642 retro
775 2604 877 2655 fugit
897 2604 1061 2641 Aufidus
1079 2603 1213 2640 undas.
