1674 2775
161 125 240 163 380
565 133 600 159 P.
621 132 807 160 vmeun
825 132 1014 160 MARONIS

161 229 301 267 AEneas
320 228 421 266 acuit
440 228 621 276 Martem,
641 230 680 266 et
698 242 737 266 se
756 228 942 266 suscitat
932 242 999 275 1ra‚

163 282 302 320 Oblato
322 282 489 332 gaudens
509 281 682 332 componi
701 281 838 319 foedere
857 282 1010 328 bellum,

163 336 265 373 Tum
283 335 401 373 socios
420 335 616 385 maestique
635 337 782 372 metum
801 335 943 372 solatur
962 334 1051 381 Iuli,

163 389 263 426 Fata
282 389 439 434 docens3
466 388 620 448 regique
634 388 745 448 jubet
763 401 940 438 responsa
957 387 1098 426 Latino

165 441 279 480 Certa
295 442 430 479 referre
449 442 560 488 viros,
579 445 618 479 et
636 441 737 492 pacis
757 441 878 479 dicere
895 442 1009 491 leges.

217 495 376 533 Postera
393 495 456 532 vix
475 508 641 532 summos
661 495 861 545 spargebat
879 495 1021 532 lumine
1039 495 1188 532 montes

165 548 261 586 Orta
279 549 378 595 dies3
407 561 523 598 quum
547 548 713 598 primum
731 548 809 585 alto
828 561 866 585 se
885 547 1037 598 gurgite
1056 548 1210 585 tollunt.

165 602 261 639 Solis
280 602 377 652 equi,
395 601 591 651 lucemque
610 601 718 639 elatis
736 601 888 638 naribus
907 601 1056 639 efflant:

164 655 352 706 Campum
371 655 418 692 ad
437 657 627 692 certamen
645 668 793 704 magnae
813 655 883 692 sub
902 654 1090 692 moenibus
1109 654 1213 692 urbis

164 708 339 746 Dimensi
358 708 570 758 Rutulique
589 708 658 745 viri
679 707 888 758 Teucrique
906 708 1112 758 parabant3

165 761 214 798 In
232 762 429 812 medioque
447 762 548 799 focos
567 764 607 799 et
626 761 682 798 dis
702 761 963 798 communibus
982 774 1063 798 aras

166 815 398 853 Gramineas.
453 815 531 851 Alii
549 815 768 864 fontemque
786 814 988 865 ignemque
1007 814 1190 860 ferebant,

165 868 292 906 Velati
310 869 411 915 limo,
433 870 472 906 et
490 869 652 906 verbena
670 870 842 918 tempora
859 867 992 905 vincti.

166 921 343 959 Procedit
361 921 460 972 legio
479 921 729 968 Ausonidum,
748 921 939 971 pilataque
958 921 1078 971 plenis

165 975 333 1025 Agmina
351 988 390 1012 se
409 975 576 1012 fundunt
595 976 726 1025 portis.
782 974 887 1012 Hinc
907 974 1045 1012 Troius
1065 973 1186 1012 omnis

166 1028 459 1078 Tyrrhenusque
477 1028 555 1066 ruit
574 1028 685 1065 variis
705 1028 889 1065 exercitus
908 1027 1044 1074 armis3

166 1081 285 1119 Haud
303 1095 408 1119 secus
427 1082 605 1119 instructi
622 1082 732 1128 ferro,
751 1094 865 1131 quam
885 1081 916 1118 si
935 1094 1064 1131 aspera
1083 1079 1223 1118 Martis

166 1134 304 1186 Pugna
321 1137 443 1172 vocet.
499 1136 581 1173 Nec
601 1149 677 1172 non
695 1135 828 1172 mediis
847 1134 887 1171 in
906 1134 1071 1172 millibus
1090 1134 1162 1184 ipsi

86 1190 90 1194 ”
166 1188 355 1226 Ductores
375 1202 464 1226 auro
483 1188 648 1226 volitant
668 1191 844 1238 ostroque
863 1187 998 1234 decori,

165 1241 221 1279 Et
240 1256 359 1292 genus
378 1242 553 1279 Assaraci
572 1242 811 1288 Mnestheus,
831 1243 870 1279 et
888 1241 998 1278 fortis
1017 1240 1166 1290 Asylas,

166 1295 222 1332 Et
241 1295 441 1345 Messapus
461 1308 599 1344 equum
619 1295 794 1341 domitor,
814 1294 1012 1344 Neptunia
1029 1293 1164 1343 proles.

166 1348 298 1398 thue
318 1349 407 1386 dato
427 1348 534 1398 signo
555 1348 677 1398 spatia
695 1348 735 1385 in
754 1361 821 1385 sua
839 1347 995 1398 quisque
1014 1346 1179 1393 recessit,

165 1401 352 1452 Refigunt
370 1402 504 1439 tellure
523 1402 663 1448 hastas,
683 1404 722 1439 et
741 1403 850 1438 scuta
868 1401 1064 1438 reclinant.

165 1455 266 1492 Tum
285 1455 411 1492 studio
431 1456 559 1492 effusae
577 1457 728 1500 matres,
749 1457 787 1491 et
806 1454 943 1504 vulgus
961 1454 1161 1499 inermum,

166 1508 407 1557 Invalidique
427 1521 544 1554 senes,
563 1510 686 1545 turres
705 1510 744 1544 et
763 1510 868 1544 tecta
885 1507 1083 1544 domorum

166 1561 375 1607 Obsedere;
404 1561 467 1598 ah'i
485 1561 605 1611 portis
625 1560 849 1598 sublimibus
869 1560 1035 1597 adstant.

218 1615 274 1652 At
294 1615 321 1652 J
324 1628 399 1652 uno
419 1628 438 1652 e
458 1627 618 1660 summo,
639 1614 703 1664 qui
722 1627 822 1650 nunc
841 1613 1011 1651 Albanus
1029 1612 1256 1658 habetur,—

167 1668 268 1705 Tum
287 1681 408 1718 neque
426 1681 565 1705 nomen
583 1670 675 1713 erat,
695 1680 763 1704 nec
781 1667 913 1713 honos,
933 1668 1000 1703 aut
1019 1665 1141 1716 gloria
1158 1665 1282 1702 monti
1294 1687 1335 1691 —

166 1721 404 1771 Prospiciens
423 1721 572 1758 tumulo
593 1734 768 1770 campum
787 1720 1016 1770 aspectabat,
1035 1721 1074 1757 et
1094 1719 1222 1756 ambas

167 1775 405 1812 Laurentum
425 1775 642 1824 Troumque
662 1774 757 1811 acies
776 1774 982 1823 urbemque
1001 1772 1143 1810 Latini.

166 1829 372 1878 Extemplo
395 1828 516 1865 Turm·
536 1828 587 1865 sic
607 1829 665 1865 est
685 1827 799 1864 affata
818 1840 993 1873 sororem,

166 1882 268 1919 Diva
287 1882 406 1928 deam,
426 1881 572 1932 stagnis
591 1894 672 1931 quae
692 1880 985 1930 fluminibusque
1005 1878 1150 1916 sonoris

168 1935 376 1982 Praesidet3
404 1935 506 1972 hunc
525 1934 580 1971 illi
598 1948 663 1972 rex
682 1934 833 1971 aetheris
853 1934 952 1971 altus
970 1934 1154 1971 honorem

168 1988 324 2038 Jupiter
343 1990 471 2038 erepta
488 2002 556 2038 pro
574 1987 796 2037 virginitate
815 1986 977 2024 sacravit
993 2003 1000 2024 ε

167 2044 188 2061 “
201 2042 396 2092 Nympha,
417 2042 527 2079 decus
546 2041 759 2086 fluviorum,
779 2041 905 2078 animo
924 2039 1140 2090 gratissima
1157 2040 1299 2084 nostro,

168 2094 259 2141 Scis,
279 2098 324 2132 ut
342 2098 382 2132 te
402 2094 548 2132 cunctis
566 2107 693 2140 unam,
713 2107 960 2143 quaecumque
979 2093 1128 2130 Latinae

169 2148 411 2198 Magn-animi
430 2147 457 2185 J
460 2147 539 2185 ovis
558 2148 753 2198 ingratum
772 2147 968 2184 ascendere
987 2146 1119 2192 cubile,

168 2201 421 2248 Praetulerim,
441 2201 597 2251 coelique
616 2201 747 2238 lubens
766 2200 807 2237 in
824 2203 931 2250 parte
949 2199 1126 2237 locarim:

168 2254 282 2292 Disce
300 2256 424 2301 tuum,
443 2267 490 2292 ne
509 2268 570 2292 me
588 2254 746 2299 incuses,
766 2253 946 2299 Juturna,
966 2252 1144 2290 dolorem.

169 2307 253 2354 Qua
271 2308 352 2345 visa
369 2309 427 2345 est
446 2308 599 2344 fortuna
616 2307 708 2357 pati,
729 2307 929 2356 Parcaeque
949 2305 1121 2343 sinebant

170 2360 309 2398 Cedere
328 2374 386 2398 res
406 2360 529 2407 Latio,
550 2361 722 2397 Turnum
742 2362 780 2397 et
798 2362 867 2397 tua
885 2359 1025 2396 moenia
1042 2358 1143 2396 texi:

169 2414 285 2452 Nunc
300 2414 480 2464 juvenem
498 2414 705 2464 imparibus
724 2413 833 2451 video
853 2425 1070 2451 concurrere
1088 2411 1189 2457 fatis,

169 2467 449 2517 Parcarumque
469 2467 545 2505 dies
566 2470 605 2505 et
623 2467 679 2504 vis
698 2467 851 2504 inimica
868 2466 1108 2516 propinquat.

170 2520 262 2558 Non
279 2534 446 2571 pugnam
467 2521 628 2571 aspicere
646 2521 744 2558 hanc
763 2520 892 2565 oculis,
907 2532 983 2556 non
1002 2518 1141 2556 foedera
1158 2530 1323 2568 possum

171 2574 242 2619 Tu,
261 2587 329 2624 pro
348 2587 528 2624 germano
548 2574 579 2610 si
598 2574 689 2624 quid
707 2573 927 2624 praesentius
947 2572 1071 2617 audes,

170 2627 317 2678 Perge3
345 2627 464 2665 decet.
521 2627 666 2665 Forsan
685 2627 839 2665 miseros
858 2625 1012 2663 meliora
1031 2623 1273 2674 sequenturs’
