1674 2775
270 100 350 137 334
675 109 711 135 P.
731 109 917 136 vmernn
936 109 1123 137 MARONIS

271 203 504 253 Interquens
516 203 687 254 jaculum
705 203 886 241 clamanti
904 204 1007 241 sistit
1025 204 1066 242 in
1085 219 1159 243 ore.

271 257 333 294 Tu
352 270 510 307 quoque,
529 257 732 294 flaventem
751 258 873 307 prima
890 257 1068 308 lanugine
1086 258 1204 296 malas

271 309 377 347 Dum
397 310 560 359 sequeris
581 309 752 360 Clytium
770 310 910 356 infelix,
929 324 1028 348 nova
1045 311 1194 361 gaudia,
1214 310 1360 362 Cydon,

272 363 473 400 Dardanea
491 365 634 400 stratus
653 363 797 410 dextra,
816 377 967 401 securus
987 377 1169 411 amorum,

273 416 348 462 Qui
361 417 547 466 juvenum
565 416 638 453 tibi
657 429 802 465 semper
821 419 940 462 erant,
959 417 1169 455 miserande
1183 417 1326 467 jaceres
1343 433 1351 455 ε

272 469 329 506 Ni
346 470 508 506 fratrum
528 469 670 518 stipata
688 469 821 507 cohors
840 469 938 507 foret
957 470 1077 516 obvia,
1100 470 1240 508 Phorci

274 522 490 572 Progenies,
510 525 655 572 septem
675 536 844 568 numero,
863 525 1091 573 septenaque
1110 524 1187 561 tela

273 575 492 625 Conjiciunt
509 592 516 612 :
545 575 686 625 partim
704 575 811 626 galea
829 576 1020 625 clipeoque
1039 576 1227 614 resultant

273 628 413 674 Irrita;
442 628 593 666 deflexit
611 628 752 678 partim
771 628 1001 678 stringentia
1019 643 1153 679 corpus

273 681 388 718 Alma
407 681 546 719 Venus.
601 681 743 718 Fidum
761 682 900 719 AEneas
919 682 1057 719 affatur
1075 683 1251 720 Achaten
1267 698 1274 720 :

275 737 296 753 “
313 734 481 784 Suggere
499 735 576 772 tela
594 734 819 771 mihi—non
838 735 959 772 ullum
977 736 1131 772 dextera
1148 736 1290 773 frustra

275 787 444 825 Torserit
462 788 503 824 in
522 788 945 833 Rutulos,—steterunt
965 802 1047 838 quae
1065 789 1106 826 in
1125 802 1278 839 corpore
1297 787 1456 826 Graium

275 840 402 878 Iliacis
422 841 603 890 campis.”
661 841 761 878 Tum
780 854 958 891 magnam
979 842 1133 892 corripit
1152 843 1316 889 hastam,

274 894 331 930 Et
344 894 461 944 jacit:
491 894 556 931 illa
573 894 703 931 volans
723 894 831 944 clipei
849 895 1129 932 transverberat
1148 908 1224 933 aera

275 947 450 993 Maeonis,
470 949 509 984 et
527 947 685 984 thoraca
703 947 815 984 simul
834 961 921 985 cum
940 950 1090 997 pectore
1109 948 1265 998 rumpit.

275 1000 380 1037 Huic
399 1001 516 1037 frater
535 1001 638 1037 subit
657 1000 832 1046 Alcanor,
851 1001 1081 1050 fratremque
1100 1004 1275 1039 ruentem

275 1053 477 1090 Sustentat
497 1054 653 1091 dextra:
681 1053 842 1104 trajecto
862 1054 977 1091 missa
995 1054 1136 1092 lacerto

275 1105 458 1144 Protinus
477 1107 589 1144 hasta
607 1107 720 1157 fugit,
740 1109 938 1156 servatque
958 1110 1115 1144 cruenta
1132 1109 1325 1153 tenorem3

274 1159 517 1209 Dexteraque
537 1174 582 1197 ex
600 1160 758 1197 humero
776 1160 900 1197 nervis
921 1161 1146 1198 moribunda
1164 1161 1354 1211 pependit.

275 1212 377 1249 Tum
395 1213 592 1259 Numitor,
605 1213 731 1263 jaculo
749 1213 876 1250 fratris
896 1213 941 1250 de
961 1227 1112 1263 corpore
1131 1216 1252 1264 rapto,

274 1265 423 1303 AEnean
442 1266 577 1315 petiit3
605 1267 670 1303 sed
688 1280 765 1303 non
784 1269 822 1303 et
842 1267 956 1316 figere
975 1269 1108 1304 eontra

274 1319 350 1355 Est
369 1319 530 1365 licitum,
549 1319 753 1369 magnique
772 1319 895 1356 femur
916 1319 1139 1369 perstrinxit
1159 1319 1327 1356 Achatae.

274 1371 353 1409 Hic
374 1371 546 1418 Curibus,
566 1372 684 1409 fidens
703 1372 883 1422 primaevo
903 1386 1066 1422 corpore,
1087 1372 1245 1409 Clausus

273 1425 454 1470 Advenit,
474 1428 513 1462 et
532 1425 653 1475 rigida
671 1425 868 1475 Dryopem
892 1425 979 1462 ferit
999 1426 1145 1462 eminus
1164 1425 1277 1462 hasta

274 1477 353 1514 Sub
372 1481 557 1524 mentum,
577 1479 744 1528 graviter
762 1492 898 1527 pressa,
917 1478 1131 1528 pariterque
1149 1478 1338 1528 loquentis

273 1530 417 1568 Vocem
436 1531 675 1579 animamque
693 1531 793 1580 rapit
812 1532 970 1581 trajecto
991 1534 1170 1581 gutture3
1199 1534 1239 1568 at
1257 1531 1320 1568 ille

273 1583 419 1621 Fronte
438 1584 525 1620 ferit
544 1586 696 1629 terram,
716 1588 755 1621 et
775 1597 941 1621 crassum
960 1584 1081 1621 vomit
1101 1598 1163 1621 ore
1183 1597 1364 1622 eruorem.

273 1636 366 1673 Tres
386 1650 534 1686 quoque
554 1637 750 1674 Threicios
770 1637 901 1674 Boreae
922 1637 966 1674 de
986 1640 1101 1687 gente
1120 1651 1305 1687 suprema,

272 1689 329 1727 Et
348 1693 437 1736 tres,
457 1704 550 1740 quos
570 1689 659 1727 Idas
678 1693 786 1740 pater
805 1693 844 1727 et
861 1690 985 1740 patria
1004 1690 1150 1727 Ismara
1167 1690 1306 1737 mittit,

273 1742 348 1780 Per
367 1743 489 1780 varios
510 1743 647 1780 sternit
667 1757 785 1780 casus.
841 1743 1018 1781 Accurrit
1038 1743 1205 1781 Halesus

272 1796 534 1845 Auruncaeque
553 1810 710 1843 manus3
739 1797 842 1834 subit
862 1799 900 1834 et
920 1796 1118 1846 Neptunia
1134 1796 1269 1846 proles,

273 1849 442 1899 Insignis
462 1850 662 1899 Messapus
682 1849 798 1899 equis.
854 1850 1052 1899 Expellere
1071 1850 1236 1887 tendunt

273 1901 390 1940 Nune
411 1903 464 1949 hi,
483 1916 585 1940 nunc
603 1903 681 1949 iffi,
710 1905 878 1940 certatur
896 1903 1025 1940 limine
1044 1903 1084 1940 in
1102 1903 1184 1953 ipso

272 1956 468 1993 Ausoniae.
524 1956 672 2006 Ilsagno
691 1955 878 1993 discordes
900 1956 1041 1993 aethere
1059 1956 1167 1994 venti

272 2008 414 2046 Proelia
433 2022 501 2046 ceu
518 2009 663 2047 tollunt
683 2009 818 2046 animis
838 2013 877 2046 et
896 2009 1038 2046 viribus
1058 2009 1195 2058 aequis3

271 2061 364 2098 Non
382 2062 456 2112 ipsi
474 2062 575 2099 inter
594 2075 643 2108 se,
663 2076 739 2100 non
758 2062 900 2108 nubila,
919 2076 995 2099 non
1014 2076 1116 2100 mare
1136 2062 1297 2108 cedunt;

272 2115 423 2164 Anceps
442 2128 572 2165 pugna
591 2115 677 2161 diu3
706 2118 812 2152 stant
832 2115 982 2161 obnixi,
1011 2115 1138 2153 omnia
1157 2117 1300 2153 contra.

273 2167 391 2205 Haud
411 2168 520 2205 aliter
539 2168 711 2218 T1·ojanae
732 2169 827 2205 acies
847 2169 1016 2218 aciesque
1035 2168 1184 2205 Latinae

273 2219 539 2267 Concurrunt3
566 2221 685 2258 haeret
704 2221 798 2271 pede
818 2235 894 2271 pes,
914 2222 1124 2271 densusque
1143 2221 1224 2259 viro
1242 2220 1313 2257 vir.

325 2275 382 2311 At
400 2276 508 2324 parte
527 2287 572 2311 ex
591 2274 675 2320 alia,
695 2287 769 2324 qua
787 2288 875 2311 saxa
893 2274 1060 2312 rotantia
1078 2274 1155 2312 late

273 2327 486 2377 Impulerat
504 2329 652 2364 torrens
671 2328 898 2377 arbustaque
918 2327 1041 2364 diruta
1061 2327 1164 2377 ripis,

272 2381 453 2427 Arcadas,
472 2381 640 2418 insuetos
660 2380 755 2418 acies
774 2381 909 2417 inferre
928 2380 1132 2430 pedestres,

274 2433 333 2471 Ut
352 2433 450 2471 vidit
469 2434 594 2471 Pallas
614 2433 726 2471 Latio
746 2434 833 2471 dare
851 2436 961 2483 terga
979 2433 1150 2483 sequaci;

272 2487 418 2537 Aspera
437 2487 541 2537 queis
559 2489 698 2524 natura
714 2487 787 2525 loci
812 2486 1006 2524 dimittere
1025 2487 1175 2536 quando

273 2539 401 2577 Suasit
420 2553 556 2589 equos:
586 2554 706 2577 unum
725 2540 826 2590 quod
844 2540 954 2577 rebus
974 2542 1094 2577 restat
1113 2539 1254 2589 egenis,

271 2593 388 2630 Nunc
407 2607 527 2644 prece,
546 2607 647 2632 nune
667 2593 778 2632 dictis
796 2593 982 2631 virtutem
1001 2593 1172 2631 accendit
1191 2591 1350 2630 amaris:
