1705 2744
237 118 314 154 214
637 127 671 153 r.
692 125 878 153 vtneimr
906 124 1093 152 MARoms

238 222 336 272 Ipse,
356 224 469 272 caput
487 224 605 259 tonsae
624 221 722 259 foliis
742 221 912 259 evinctus
931 220 1053 266 olivae,

237 276 350 312 Stans
368 274 498 325 procul
515 274 555 311 in
573 287 683 324 prora
699 276 869 325 pateram
886 276 1004 320 tenet,
1023 274 1182 323 extaque
1202 271 1317 310 salsos

237 328 400 366 Pom-icit
418 327 458 365 in
476 328 625 374 fluctus,
646 341 687 365 ac
706 328 795 365 vina
811 327 995 377 liquentia
1012 326 1151 363 fundit.

236 381 483 430 Prosequitur
503 393 659 431 surgens
679 394 701 418 a
718 380 836 431 puppi
853 382 990 418 ventus
1009 381 1152 417 euntes.

237 434 423 472 Certatim
443 434 533 472 socii
551 433 690 471 feriunt
709 447 822 479 mare,
841 435 880 471 et
901 446 1051 483 aequora
1067 433 1235 470 verrunt.

289 488 343 525 At
362 487 491 525 Venus
509 487 654 524 interea
673 487 900 537 Neptunum
918 486 1081 523 exercita
1100 484 1199 522 curis

237 541 465 591 Alloquitur,
484 540 651 590 talesque
671 540 830 578 effundit
849 542 999 589 pectore
1018 540 1193 589 questus:

235 1600 254 1616 “
268 1596 433 1634 sunonis
453 1596 577 1647 gravis
595 1597 661 1643 ira,
680 1609 748 1633 nec
768 1595 1015 1633 exsaturabile
1033 1598 1165 1645 pectus

234 1650 389 1701 Cogunt
407 1663 479 1696 me,
498 1650 690 1700 Neptune,
709 1663 834 1699 preces
854 1649 1074 1686 descendere
1092 1649 1133 1687 in
1152 1663 1302 1696 omnes3

233 1704 357 1750 Quam
374 1716 443 1740 nec
462 1703 576 1753 longa
594 1703 683 1749 dies⁷
702 1703 822 1752 pietas
840 1716 908 1740 nec
927 1702 1082 1752 mitigat
1100 1703 1189 1750 ulla,

232 1757 315 1794 Nec
336 1756 363 1793 J
366 1756 445 1794 ovis
463 1756 619 1806 imperio
638 1756 773 1793 fatisve
791 1756 952 1793 infracta
970 1756 1140 1805 quiescit.

232 1810 324 1847 Non
342 1810 466 1847 media
484 1810 529 1847 de
548 1812 661 1859 gente
682 1810 882 1860 Phrygum
901 1809 1065 1846 exedisse
1082 1809 1253 1847 nefandis

233 1863 379 1900 Urbem
397 1863 492 1900 odiis
511 1863 602 1900 satis
622 1865 691 1909 est,
710 1876 777 1900 nec
796 1876 948 1913 poenam
965 1864 1071 1900 traxe
1089 1876 1156 1913 per
1174 1874 1325 1901 omnem

233 1915 450 1966 Reliquias3
478 1916 600 1966 Trojae
621 1916 760 1953 cineres
779 1918 892 1965 atque
911 1929 995 1953 ossa
1011 1918 1192 1965 peremtae

234 1969 465 2019 Insequitur.
521 1969 660 2006 Causas
678 1969 781 2006 tanti
799 1969 892 2007 sciat
910 1969 975 2006 illa
992 1969 1139 2006 furoris.

235 2022 323 2071 Ipse
342 2022 436 2058 mihi
454 2035 573 2071 nuper
593 2022 747 2073 Libycis
765 2024 811 2059 tu
829 2022 940 2060 testis
958 2022 998 2059 in
1017 2022 1140 2068 undis,

235 2075 358 2121 Quam
375 2075 514 2112 molem
533 2075 659 2112 subito
679 2075 843 2113 excierit.
899 2075 1025 2112 Maria
1042 2075 1168 2112 omnia
1186 2074 1279 2112 coelo

234 2128 405 2173 Miscuit,
425 2128 557 2165 AEoliis
575 2128 831 2178 nequidquam
849 2128 947 2165 freta
964 2128 1146 2177 procellis,

234 2181 284 2218 In
302 2181 428 2231 regnis
446 2181 517 2218 hoc
536 2194 626 2218 ausa
643 2181 732 2218 tuis.

235 2235 308 2271 Per
327 2234 445 2271 scelus
464 2247 547 2271 ecce
566 2233 681 2271 etiam
700 2232 871 2283 Trojanis
889 2233 1074 2271 matribus
1093 2233 1187 2271 actis

234 2287 392 2324 Exussit
411 2287 509 2324 foede
527 2300 691 2337 puppes3
719 2289 758 2324 et
777 2287 892 2324 classe
911 2286 1062 2337 subegit

233 2341 386 2378 Amissa
403 2341 520 2377 socios
541 2340 683 2391 ignotae
702 2340 868 2389 linquere
887 2342 1008 2377 terrae.

235 2394 345 2440 Quod
363 2396 543 2444 superest,
562 2407 638 2439 oro,
657 2393 768 2430 liceat
788 2393 874 2430 dare
892 2394 980 2430 tuta
996 2406 1062 2443 per
1080 2391 1200 2429 undas

234 2447 329 2485 Vela
345 2446 438 2484 tibi!
468 2447 578 2484 liceat
597 2446 827 2484 Laurentem
847 2446 1035 2496 attingere
1053 2445 1261 2496 Thybrim!

235 2500 276 2538 Si
294 2513 466 2538 concessa
484 2502 583 2550 peto,
603 2499 635 2537 si
653 2500 745 2537 dant
764 2513 807 2537 ea
824 2499 963 2537 moenia
981 2499 1150 2536 Parcae.”

287 2554 388 2591 Tum
407 2553 605 2590 Saturnius
623 2553 703 2590 haec
722 2552 886 2590 domitor
904 2552 1017 2589 maris
1036 2551 1154 2590 edidit
1173 2550 1262 2588 alti:

236 2610 257 2626 ‘⁴
271 2606 344 2644 Fas
365 2620 474 2645 omne
493 2609 562 2654 est,
583 2606 782 2658 Cytherea,
800 2606 894 2644 meis
912 2608 952 2644 te
970 2606 1083 2643 fidere
1101 2604 1238 2655 regnis.
