1705 2744
238 108 314 146 202
631 118 665 144 P.
686 117 872 144 VIRGILII
892 116 1080 144 MAnoms

239 213 422 250 Transeat
440 211 586 262 elapsus
604 211 716 262 prior,
735 211 1001 261 ambiguumve
1019 211 1217 261 relinquat.

240 266 404 315 Jamque
423 265 498 303 fere
517 265 639 315 spatio
658 268 838 310 extremo,
858 264 1028 314 fessique,
1047 264 1116 301 sub
1134 264 1255 314 ipsam

241 318 376 356 Finem
397 318 672 356 adventabant:
702 317 774 355 levi
793 330 880 354 cum
899 317 1079 367 sanguine
1098 317 1216 355 Nisus

241 371 403 409 Labitur
420 371 561 417 infelix,
581 371 687 408 caesis
706 372 751 407 ut
769 370 866 407 sorte
879 369 1050 420 juvencis

242 425 366 462 Fusus
384 424 544 460 humum
562 424 771 473 viridesque
791 436 900 472 super
919 423 1165 460 madefecerat
1182 422 1328 460 herbas.

242 477 319 515 Hie
332 477 481 528 juvenis
494 477 575 527 jam
593 477 715 513 victor
733 489 847 513 ovans
866 475 1026 526 vestigia
1042 489 1169 525 presso

243 530 362 568 Haud
379 530 505 568 tenuit
524 529 693 567 titubata
710 529 811 575 solo;
839 528 904 566 sed
921 541 1060 578 pronus
1080 528 1118 565 in
1137 528 1217 578 ipso

243 583 418 621 Concidit
436 582 705 632 immundoque
723 582 812 619 fimo
832 594 1008 631 sacroque
1028 594 1167 618 eruore.

243 637 334 674 Non
353 639 482 674 tamen
502 636 671 686 Euryali,
690 648 767 672 non
785 634 849 672 ille
868 634 1007 671 oblitus
1026 647 1218 671 amorum:

243 690 346 727 Nam
365 702 444 726 sese
463 689 638 739 opposuit
657 688 757 725 Salio
776 701 842 737 per
859 687 1002 724 lubrica
1020 700 1198 737 surgen33

244 742 316 780 Ille
335 744 462 780 autem
481 742 599 792 spissa
611 741 732 792 jacuit
751 740 943 778 revolutus
963 753 1085 777 arena.

244 795 396 833 Emicat
410 795 614 845 EuryaIUS,
633 797 672 832 et
690 807 844 831 munere
862 793 984 830 victor
1002 793 1112 830 amici

244 848 374 886 Prima
391 850 510 894 tenet,
528 848 734 898 plausuque
752 847 855 884 volat
874 846 1099 896 fremituque
1119 845 1292 883 secundo.

245 902 340 939 Post
360 901 549 952 Helymus
569 901 682 947 subit,
706 902 745 938 et
763 913 862 937 nunc
881 899 997 936 tertia
1014 899 1138 949 palma
1157 898 1303 936 Diores.

245 955 324 992 Hie
342 957 470 992 totum
490 967 609 992 caveae
629 967 842 991 consessum
861 952 1039 1002 ingentis,
1058 956 1096 989 et
1116 965 1180 989 ora

246 1008 377 1045 Prima
394 1010 558 1058 patrum,
577 1007 725 1056 magnis
744 1006 865 1043 Salius
886 1005 1109 1043 elamoribus
1128 1005 1274 1055 implet,

246 1061 507 1111 Ereptumque
527 1060 611 1098 dolo
630 1059 735 1097 reddi
754 1059 825 1096 sibi
842 1059 964 1109 poscit
982 1059 1176 1096 honorem.

247 1114 415 1151 Tutatur
432 1114 537 1151 favor
556 1113 778 1164 Euryalum,
798 1112 1032 1161 lacrimaeque
1052 1111 1204 1158 deeorae,

248 1167 402 1204 Gratior
420 1169 459 1204 et
477 1166 633 1216 pulchro
652 1166 804 1203 veniens
823 1166 863 1202 in
883 1178 1034 1214 corpore
1053 1165 1187 1202 virtus.

247 1220 429 1270 Adjuvat,
449 1222 487 1257 et
507 1233 645 1269 magna
663 1219 871 1269 proclamat
889 1231 979 1255 voce
999 1217 1146 1263 Diores,

248 1273 323 1319 Qui
341 1273 457 1310 subiit
475 1273 622 1322 palmae,
640 1272 853 1321 frustraque
872 1271 919 1308 ad
938 1271 1091 1320 praemia
1109 1269 1214 1307 venit

249 1326 408 1373 Ultima,
428 1325 459 1363 si
478 1325 590 1376 primi
609 1325 708 1363 Salio
727 1325 937 1362 redduntur
955 1324 1127 1361 honores.

262 2281 363 2318 Tum
380 2281 488 2330 pater
506 2278 658 2323 AEneas,
678 2279 698 2296 “
711 2274 886 2320 Vestra‚⁷'
907 2272 1043 2323 inquit,
1064 2274 1253 2309 “munera
1270 2269 1377 2307 vobis

263 2334 378 2371 Certa
395 2334 562 2377 manent,
581 2330 709 2381 pueri3
738 2331 776 2366 et
795 2328 960 2378 palmam
979 2328 1107 2363 movet
1126 2325 1255 2363 ordine
1273 2336 1406 2360 nemo:

263 2387 332 2425 Me
350 2386 461 2423 liceat
480 2398 585 2422 casus
604 2382 771 2420 miserari
790 2380 949 2418 insontis
969 2378 1118 2416 amiei.'’

263 2440 326 2478 Sic
344 2440 458 2485 fatus,
476 2440 629 2487 tergum
649 2435 790 2473 Gaetuli
808 2435 971 2471 immane
989 2432 1106 2470 leonis

264 2493 346 2530 Dat
366 2492 476 2537 Salio,
494 2491 593 2528 villis
613 2501 811 2527 onerosum
830 2489 942 2536 atque
960 2484 1151 2535 unguibus
1170 2481 1302 2520 aureis,

263 2545 343 2583 Hie
362 2545 493 2591 Nisus,
513 2544 588 2580 “Si
605 2542 753 2588 tanta,”
774 2540 911 2589 inquit,
931 2542 951 2558 ‘⁶
965 2541 1056 2575 sunt
1074 2536 1229 2587 praemia
1245 2534 1370 2581 victis,

264 2598 320 2636 Et
338 2600 379 2636 te
397 2598 589 2648 lapsorum
608 2595 781 2633 miseret:
811 2606 893 2644 quae
911 2604 1068 2629 munera
1086 2590 1182 2627 Niso
