1705 2744
217 103 268 139 34
630 113 664 138 Ρ.
685 112 871 139 vrneiLn
892 112 1082 139 immons

219 207 293 245 Seu
312 206 436 257 plures
455 206 557 244 calor
575 206 638 245 ille
657 207 737 244 vias
757 209 796 244 et
815 220 913 245 caeca
931 208 1077 245 relaxat

213 260 463 310 spiramenta,
482 274 598 298 novas
618 260 745 298 veniat
765 274 839 310 qua
857 275 967 298 sucus
987 261 1026 298 in
1046 262 1202 308 herbas3

219 313 295 351 Seu
313 313 425 350 durat
445 314 567 364 magis
586 316 625 351 et
644 327 757 351 venas
778 314 958 364 astringit
977 314 1139 362 hiantes,

217 366 280 404 Ne
298 369 431 404 tenues
451 367 598 416 pluviae,
617 367 784 416 rapidive
803 368 977 416 potentia
996 368 1084 405 solis

218 419 364 466 Acrior,
385 423 452 456 aut
471 420 591 457 boreae
612 420 842 469 penetrabile
862 420 983 470 frigus
1003 421 1150 458 adurat.

215 473 391 510 Multum
411 473 514 518 adeo,
533 473 664 510 rastris
685 473 813 522 glebas
833 473 897 522 qui
917 474 1061 523 frangit
1081 474 1223 512 inertes

215 526 482 575 Vimineasque
502 526 622 563 trahit
642 528 773 570 crates,
788 525 901 575 juvat
921 539 1009 563 arva
1026 543 1034 571 3
1062 540 1184 576 neque
1203 528 1312 565 illum

216 579 336 616 Flava
355 579 466 616 Ceres
486 579 563 616 alto
583 579 837 629 nequidquam
857 581 1005 628 spectat
1025 579 1214 630 Olymp03

216 632 272 669 Et
291 632 366 682 qui,
386 632 550 682 procisso
570 646 651 682 quae
672 632 830 668 suscitat
851 645 996 681 aequore
1016 634 1137 682 terga,

215 685 362 722 Rursus
382 686 422 722 in
441 685 636 735 obliquum
656 698 762 722 verso
782 685 992 734 perrumpit
1012 689 1150 731 aratro,

214 739 451 788 Exercetque
470 739 642 787 frequens
662 738 850 784 tellurem,
870 740 983 787 atque
1002 738 1164 788 imperat
1184 739 1294 777 arvis.

268 792 442 828 Humida
460 792 624 829 solstitia
643 794 756 841 atque
775 791 917 828 hiemes
937 793 1042 828 orate
1062 805 1222 839 serenas,

213 845 423 895 Agricolae,
451 845 608 882 hiberno
627 844 823 881 laetissima
841 845 993 894 pulvere
1012 845 1111 882 farra

217 898 348 935 Laetus
368 911 478 948 agen
507 898 610 935 nullo
629 900 784 934 tantum
803 911 841 934 se
863 898 986 947 Mysia
1005 898 1114 935 cultu

216 951 244 988 J
246 954 361 995 aetat,
381 954 419 988 et
437 951 519 1000 ipsa
537 965 621 988 suas
641 951 828 987 mirantur
849 950 1019 1001 Gargara
1036 965 1188 988 messes.

218 1005 319 1051 Quid
338 1004 472 1050 dicam,
486 1004 591 1054 jacto
611 1004 675 1054 qui
695 1004 835 1041 semine
855 1004 1026 1041 cominus
1047 1017 1136 1041 arva

215 1057 437 1108 Insequitur
456 1058 700 1107 cumulosque
719 1057 797 1094 ruit
817 1057 913 1094 male
932 1057 1084 1108 pinguis
1104 1070 1227 1095 arenae
1245 1057 1262 1095 Ρ

214 1111 362 1148 Deinde
382 1111 474 1148 satis
493 1111 649 1147 fluvium
669 1110 817 1147 inducit
837 1110 1012 1160 rivosque
1032 1113 1241 1160 sequentes,

214 1164 281 1210 Et,
302 1177 419 1213 quum
438 1166 594 1201 exustus
615 1176 703 1213 ager
723 1163 972 1200 morientibus
993 1166 1129 1201 aestuat
1148 1164 1286 1210 herbis,

214 1217 314 1254 Ecce
334 1217 530 1267 supercilio
550 1216 680 1254 clivosi
698 1216 865 1253 tramitis
884 1217 1026 1253 undam

213 1269 331 1308 Elicit
349 1270 366 1308 Ρ
394 1270 458 1307 illa
477 1270 611 1307 cadens
630 1283 786 1306 raucum
806 1283 871 1319 per
890 1269 987 1307 levia
1005 1283 1178 1307 murmur

211 1323 309 1360 Saxa
328 1324 413 1369 ciet,
434 1323 688 1372 scatebrisque
709 1323 854 1360 arentia
872 1325 1062 1372 temperat
1082 1337 1171 1360 arva

213 1377 325 1423 Quid,
345 1377 421 1426 qui,
441 1389 488 1413 ne
506 1376 671 1426 gravidis
690 1376 915 1426 procumbat
935 1376 1081 1413 culmus
1101 1376 1238 1423 aristis,

211 1429 420 1467 Luxuriem
439 1432 613 1479 segetum
631 1431 763 1466 tenera
781 1429 949 1478 depascit
968 1429 1008 1466 in
1027 1429 1156 1476 herba,

211 1484 338 1530 Quum
357 1484 522 1532 primum
542 1482 664 1519 sulcos
684 1485 836 1532 aequant
857 1486 939 1519 sata
956 1482 973 1520 ’.Ρ
1003 1482 1140 1533 quique
1158 1483 1306 1533 paludis

213 1536 426 1574 Collectum
444 1536 644 1572 humorem
663 1535 793 1572 bibula
811 1536 963 1573 deducit
984 1549 1097 1573 arena
1112 1535 1129 1573 i>

212 1590 433 1627 Praesertim
451 1588 604 1626 incertis
624 1588 656 1625 si
674 1589 866 1625 mensibus
886 1589 1007 1625 amnis
1027 1589 1222 1626 abundans

212 1643 319 1688 Exit,
340 1645 378 1680 et
398 1642 563 1679 obducto
583 1642 659 1679 late
678 1643 784 1678 tenet
804 1642 931 1678 omnia
949 1642 1052 1688 limo,

213 1696 326 1733 Unde
347 1709 446 1733 cavae
464 1695 593 1745 tepido
613 1694 752 1732 sudant
770 1694 928 1732 humore
947 1695 1104 1732 lacunae.

266 1749 349 1786 Nec
363 1752 506 1794 tamen,
521 1748 602 1785 haec
622 1761 739 1797 quum
754 1748 831 1784 sint
846 1748 1120 1797 hominumque
1134 1748 1324 1797 boumque
1338 1746 1484 1785 labores

213 1802 408 1839 Versando
427 1804 569 1839 terrain
588 1801 743 1851 experti,
763 1801 861 1837 nihil
878 1801 1072 1851 improbus
1092 1814 1211 1847 anser,

214 1855 516 1905 Strymoniaeque
535 1868 659 1904 grues,
679 1856 718 1893 et
737 1855 872 1891 amaris
890 1855 1027 1892 intuba
1044 1855 1148 1892 fibris

212 1908 406 1954 Officiunt,
426 1910 493 1945 aut
512 1908 646 1945 umbra
664 1910 787 1945 nocet.
844 1908 960 1945 Pater
978 1908 1057 1958 ipse
1077 1907 1223 1945 colendi

211 1961 330 1998 Haud
349 1961 496 1999 facilem
516 1974 594 1998 esse
613 1961 714 1997 viam
732 1961 865 2006 voluit,
884 1961 1102 2010 primusque
1120 1974 1186 2011 per
1205 1961 1326 1997 artem

212 2014 341 2051 Movit
361 2028 482 2064 agros,
502 2014 599 2051 curis
619 2028 753 2052 acuens
773 2014 949 2051 mortalia
967 2015 1090 2060 corda,

212 2067 295 2104 Nec
314 2070 463 2116 torpere
483 2067 589 2117 gravi
608 2080 738 2116 passus
759 2080 826 2104 sua
844 2080 961 2117 regna
978 2069 1146 2104 veterno.

210 2121 315 2157 Ante
335 2120 361 2156 J
365 2133 474 2157 ovem
492 2120 588 2156 nulli
607 2120 833 2170 subigebant
853 2133 942 2157 arva
961 2119 1105 2165 coloni3

209 2173 272 2210 Ne
292 2173 440 2223 signare
459 2173 611 2223 quidem
626 2176 691 2209 aut
711 2173 844 2222 partiri
862 2173 982 2209 limite
1001 2185 1177 2222 campum

210 2226 286 2263 Fas
306 2229 408 2263 erat:
428 2226 468 2262 in
487 2226 653 2263 medium
673 2226 900 2274 quaerebant,
920 2225 1073 2275 ipsaque
1092 2225 1206 2263 tellus

213 2278 351 2316 Omnia
369 2279 533 2324 liberius,
553 2278 657 2315 nullo
676 2282 866 2328 poscente,
885 2278 1041 2316 ferebat.

212 2331 283 2369 Ille
303 2332 446 2369 malum
464 2332 566 2368 virus
586 2331 822 2381 serpentibus
841 2331 987 2368 addidit
1006 2331 1110 2377 atris,

210 2384 452 2435 Praedarique
470 2385 578 2434 lupos
592 2384 719 2434 jussit,
738 2387 973 2434 pontumque
992 2385 1135 2422 moveri
1151 2401 1160 2430 3

211 2438 404 2488 Mellaque
423 2437 587 2475 decussit
606 2437 715 2482 foliis,
734 2438 937 2487 ignemque
955 2438 1129 2484 removit,

211 2491 266 2528 Et
285 2492 425 2541 passim
443 2491 533 2528 rivis
553 2491 743 2528 currentia
760 2491 848 2527 vina
866 2491 1056 2540 repressit,

211 2544 270 2582 Ut
289 2544 409 2581 varias
428 2558 518 2581 usus
537 2543 755 2581 meditando
775 2544 999 2582 extunderet
1019 2546 1118 2581 artes

215 2597 420 2645 Paulatim,
441 2600 480 2636 et
499 2597 612 2635 sulcis
631 2597 815 2635 frumenti
833 2600 1017 2648 quaereret
1035 2597 1191 2635 herbam
