1705 2744
250 89 300 126 86
655 101 689 127 P.
710 101 896 128 VIRGILH
914 101 1102 129 MARONIS

249 194 388 244 Eripe.
416 208 493 232 non
510 194 584 232 illis
603 195 801 246 quisquam
820 197 1087 235 cunctantibus
1107 198 1227 236 altum

248 247 311 285 Ire
329 248 412 295 iter,
433 251 501 286 aut
521 249 652 286 castris
671 250 824 287 audebit
842 250 976 289 vellere
995 251 1114 301 signa.

248 300 423 339 Invitent
442 302 579 340 croceis
597 302 769 340 halantes
788 303 942 341 floiibus
960 304 1075 351 horti,

248 354 304 391 Et
322 357 450 392 custos
468 355 596 393 furum
615 358 728 405 atque
747 356 874 393 avium
893 370 980 394 cum
998 357 1092 395 falce
1111 357 1256 408 saligna.

247 407 546 458 Hellespontiaci
565 412 687 446 servet
705 409 828 446 tutela
847 409 986 459 Priapi.

247 460 336 510 Ipse
353 461 534 512 thymum
552 462 733 512 pinosque
750 462 871 499 ferens
891 463 935 500 de
954 463 1148 500 montibus
1167 463 1255 501 altis

247 514 366 552 Tecta
383 517 482 552 serat
500 515 575 552 late
594 515 746 561 circum,
766 515 827 552 cui
844 515 937 553 talia
955 529 1054 553 curae
1071 533 1079 562 ;

246 567 335 617 Ipse
354 568 479 606 labore
497 582 654 605 manum
673 568 766 605 duro
785 570 886 606 terat
903 585 911 615 ;
938 569 1017 619 ipse
1036 569 1175 607 feraces

247 621 364 671 Figat
381 621 498 659 humo
517 622 677 671 plantas,
697 624 735 659 et
754 621 891 659 amieos
910 622 1042 673 irriget
1060 622 1209 659 imbres.

298 675 428 723 Atque
446 675 630 724 equidem,
649 677 816 712 extremo
834 675 875 712 ni
887 675 968 726 jam
987 676 1057 712 sub
1076 675 1150 712 fine
1168 675 1340 713 laborum

247 727 341 765 Vela
357 728 519 775 traham,
538 730 577 766 et
595 728 705 766 terris
723 728 899 765 festinem
917 728 1110 766 advertere
1127 742 1289 778 proram,

247 780 425 819 Forsitan
444 783 494 828 et,
513 781 672 832 pingues
691 781 823 819 hortos
843 795 926 831 quae
947 795 1037 819 cura
1055 781 1202 819 colendi

248 833 419 881 Ornaret,
439 848 620 881 canerem,
640 834 822 884 biferique
839 835 980 872 rosaria
999 834 1142 881 Paesti3

247 887 405 936 Quoque
423 888 535 926 modo
553 887 654 938 potis
672 888 881 938 gauderent
899 888 1036 925 intuba
1053 888 1156 935 rivis,

246 940 303 977 Et
320 941 456 978 virides
476 941 559 992 apio
578 941 679 992 ripae,
698 943 899 990 tortusque
917 955 983 992 per
1001 941 1159 979 herbam

247 993 439 1032 Cresceret
457 994 497 1032 in
515 997 688 1032 ventrem
707 995 876 1032 cucumis
891 1011 898 1041 ;
926 1008 995 1032 nec
1015 1008 1096 1032 sera
1114 996 1329 1032 comantem

246 1047 481 1095 Narcissum,
501 1050 568 1086 aut
587 1048 673 1085 flexi
691 1048 894 1085 tacuissem
911 1047 1039 1085 vimen
1058 1048 1222 1094 acanthi,

246 1099 511 1151 Pallentesque
529 1101 696 1147 hederas,
716 1103 755 1138 013
773 1103 943 1138 amantes
961 1101 1074 1138 litora
1091 1103 1237 1151 myrtos

246 1153 424 1203 Namque
443 1155 513 1192 sub
533 1154 690 1192 OEbaliae
710 1154 865 1192 memini
883 1167 943 1192 me
962 1154 1132 1192 turribus
1152 1154 1257 1201 arcis,

247 1206 332 1253 Qua
344 1207 452 1258 niger
469 1207 668 1245 humectat
686 1207 759 1244 fiai
762 1207 865 1244 entia
884 1207 988 1245 culta
1008 1207 1192 1255 Galaesus,

247 1259 450 1311 Corycium
467 1261 604 1298 vidisse
623 1274 760 1307 senem,
780 1260 841 1298 cui
859 1274 978 1309 pauca
994 1260 1118 1298 relicti

246 1313 274 1350 J
276 1326 393 1364 ugera
410 1314 507 1351 ruris
527 1316 656 1360 0131113·
683 1327 751 1351 1100
770 1313 904 1351 fertilis
923 1314 1016 1351 1113
1002 1313 1184 1365 juvencis,

245 1366 329 1404 Nec
347 1367 471 1417 pecori
490 1369 703 1417 opportuna
721 1380 826 1417 seges
844 1380 913 1404 nec
933 1367 1129 1404 commoda
1148 1365 1311 1404 Baccho.

245 1419 325 1457 Hic
343 1433 471 1457 rarum
489 1423 619 1458 tamen
637 1420 676 1457 in
692 1420 816 1457 dumis
836 1420 917 1457 olus
937 1420 1095 1469 albaque
1115 1419 1256 1457 circum

246 1473 346 1510 Lilia
362 1474 616 1523 verbenasque
634 1487 806 1523 premens
825 1486 1052 1522 vescumque
1070 1486 1244 1523 papaver,

247 1526 400 1577 Regum
419 1527 591 1576 aequabat
610 1540 697 1576 opes
717 1526 873 1573 animis3
902 1539 1056 1575 seraque
1074 1528 1266 1563 revertens

246 1580 373 1617 Nocte
391 1580 548 1618 domum
566 1580 723 1630 dapibus
742 1593 888 1617 mensas
908 1580 1086 1617 onerabat
1105 1579 1268 1616 inemtis.

247 1632 400 1670 Primus
417 1646 504 1671 vere
521 1647 646 1671 rosam
664 1635 777 1683 atque
792 1636 999 1670 auctumno
1019 1646 1167 1682 carpere
1186 1645 1308 1682 poma,

247 1686 314 1733 Et,
334 1700 451 1737 quum
469 1686 591 1724 tristis
609 1686 730 1724 hiems
750 1686 865 1724 etiam
884 1700 984 1723 nunc
1004 1686 1141 1736 frigore
1161 1699 1249 1723 saxa

245 1739 469 1790 Rumperet,
489 1743 528 1777 et
547 1740 665 1790 glacie
684 1753 813 1777 cursus
832 1739 996 1777 frenaret
1015 1753 1208 1789 aquarum,

246 1792 318 1830 Ille
337 1807 482 1831 comam
501 1793 623 1830 mollis
637 1794 717 1844 jam
736 1793 920 1830 tondebat
944 1792 1155 1843 hyacinthi,

246 1846 438 1884 AEstatem
456 1846 684 1896 increpitans
704 1859 825 1884 seram
844 1846 1100 1897 zephyrosque
1118 1847 1320 1883 morantes

246 1899 352 1950 Ergo
371 1900 502 1950 apibus
521 1900 607 1937 fetis
626 1900 726 1938 idem
745 1902 858 1950 atque
877 1899 1045 1937 examine
1063 1899 1185 1936 multo

247 1952 399 1990 Primus
419 1953 618 1999 abundare,
633 1955 671 1990 et
691 1953 905 2003 spumantia
924 1966 1055 2003 cogere
1073 1952 1208 2002 pressis

246 2005 366 2043 Mella
383 2006 477 2043 favis
492 2022 500 2052 3
527 2005 582 2043 iffi
599 2006 691 2043 tih'ae
712 2009 824 2056 atque
843 2006 1031 2043 uberrima
1048 2006 1159 2055 pinus
1173 2021 1181 2051 3

248 2058 424 2108 Quotque
441 2059 482 2096 in
499 2059 589 2096 flore
607 2072 705 2096 novo
723 2059 845 2108 pomis
865 2072 903 2096 se
921 2058 1055 2096 fertilis
1074 2058 1182 2095 arbos

247 2111 442 2158 Induerat,
460 2111 623 2149 totidem
642 2114 846 2149 auctumno
864 2113 1014 2148 matura
1027 2111 1193 2148 tenebat.

247 2163 319 2202 Ille
338 2165 454 2202 etiam
472 2178 571 2202 seras
589 2165 629 2201 in
647 2178 797 2202 versum
816 2164 965 2201 distulit
984 2163 1117 2210 ulmos,

247 2217 490 2267 Eduramque
508 2218 633 2268 pirum
651 2220 690 2255 et
709 2217 834 2267 spinos
847 2217 929 2268 jam
947 2230 1068 2267 pruna
1085 2217 1259 2262 ferentes,

248 2270 413 2320 Jamque
431 2271 711 2308 ministrantem
728 2271 926 2320 platanum
943 2270 1164 2320 potantibus
1182 2270 1294 2307 umb1
1295 2283 1346 2307 as.

249 2324 283 2359 V
285 2337 391 2361 erum
409 2323 518 2361 haec
508 2337 588 2373 ipse
607 2324 791 2373 equidem,
812 2323 943 2373 spatiis
964 2323 1171 2361 exclusus
1162 2323 1302 2373 iniquis

250 2377 451 2424 Praetereo,
471 2379 584 2427 atque
603 2377 683 2414 31115
701 2379 789 2426 post
807 2390 868 2415 me
886 2374 1127 2414 memoranda
1145 2376 1326 2426 relinquo.

301 2430 343 2467 N
344 2443 417 2467 unc
436 2443 516 2480 age,
534 2433 688 2468 natuias
707 2430 838 2481 apibus
857 2443 948 2480 quas
968 2429 1150 2480 Jupiter
1140 2443 1219 2480 ipse

249 2483 421 2529 Addidit,
440 2483 644 2533 expediam,
663 2497 731 2534 pro
751 2496 824 2533 qua
841 2483 1021 2529 mercede,
1041 2496 1194 2520 canoros

251 2536 434 2574 Curetum
453 2537 599 2574 sonitus
618 2536 914 2587 crepitantiaque
933 2550 1006 2574 3013
1025 2538 1176 2583 secutae,

250 2589 399 2628 Dictaeo
419 2590 502 2628 eceli
520 2604 648 2641 regem
666 2603 800 2641 pavere
819 2589 889 2627 sub
908 2592 1029 2627 antro.

1670 2725 1682 2744 1.
