1705 2744
320 132 394 169 178
724 144 758 170 1³.
779 143 964 170 vlnoun
984 144 1171 171 11111οΝ15

319 237 393 273 Hic
413 237 575 286 primum
595 237 746 287 paribus
766 238 890 275 nitens
910 237 1101 288 Cyllenius
1121 239 1188 277 alis

317 289 524 335 Constitit;
552 290 639 327 hinc
659 293 743 328 toto
762 304 925 340 praeccps
945 304 983 328 se
1002 305 1154 341 corpore
1173 293 1219 330 ad
1238 294 1356 332 undas

317 342 439 387 Misit,
459 343 518 380 avi
538 343 680 388 similis,
700 357 781 393 quae
800 344 940 381 circum
958 344 1081 390 litora,
1101 345 1240 383 circum

317 394 486 432 Piscosos
506 396 687 445 scopulos,
708 396 860 433 humilis
879 397 981 434 volat
1000 409 1149 446 aequora
1160 398 1316 447 juxtas·

318 447 454 496 [Haud
473 448 583 485 aliter
601 452 719 485 terras
738 449 837 486 inter
856 449 1064 498 coelumque
1083 450 1244 498 volabat,

315 500 425 537 Litus
445 514 640 538 arenosum
660 501 793 551 Libyae
811 504 1017 551 ventosque
1037 503 1185 540 secabat

314 553 491 591 Materno
510 554 661 591 veniens
681 555 726 591 ab
746 568 814 591 avo
835 554 1005 605 Cyllenia
1022 555 1173 605 proles]

315 606 371 642 Ut
391 607 555 655 primum
575 606 683 644 alatis
702 607 834 657 tetigit
853 607 1014 657 magalia
1031 608 1183 657 plantis,

314 658 459 696 Jssncan
479 660 698 697 fundantem
720 673 820 697 arces
840 673 881 697 ac
900 662 1003 697 tecta
1020 664 1224 698 novantem

314 712 508 761 Conspicit
523 729 529 749 :
559 715 672 762 atque
690 713 744 749 illi
763 713 934 750 stellatus
952 713 1093 763 iaspide
1111 714 1214 751 fulva

312 764 427 801 Ensis
446 767 537 812 erat,
558 766 746 815 Tyrioque
765 766 919 803 ardebat
937 766 1077 803 murice
1095 766 1201 812 laena,

312 816 487 855 Demissa
505 832 548 855 ex
568 818 755 864 humeris;
783 819 885 856 dives
905 831 988 868 quae
1007 832 1162 856 munera
1180 819 1280 857 Dido

313 869 482 916 Fecerat,
502 874 540 908 et
559 871 666 908 tenui
684 871 778 909 telas
798 872 1023 909 discreverat
1042 885 1143 909 auro.

313 921 503 960 Continuo
523 925 689 961 invadit:
719 924 812 961 “Tu
830 938 930 962 1111110
950 924 1191 975 Carthaginis
1210 925 1298 962 altae

310 974 576 1014 Fundamenta
593 977 703 1023 10035,
722 977 990 1027 pulchramque
1009 978 1159 1015 uxorius
1179 979 1310 1015 urbem

312 1028 488 1066 Exstruis
504 1029 521 1068 P
549 1031 624 1067 heu
641 1030 749 1080 regni
766 1044 964 1080 rerumque
983 1030 1098 1068 oblite
1116 1033 1270 1068 tuarum
1284 1031 1291 1068 1

312 1080 399 1130 Ipse
419 1082 530 1119 deum
549 1083 620 1120 tibi
639 1097 699 1121 me
718 1084 816 1120 claro
835 1083 1006 1120 demittit
1026 1083 1190 1134 Olympo

310 1133 519 1184 Regnator,
539 1136 675 1173 coelum
694 1138 732 1174 et
751 1139 869 1174 terras
889 1136 953 1186 qui
970 1136 1124 1173 numine
1143 1139 1318 1185 torquet;

310 1187 398 1236 Ipse
417 1188 496 1226 haec
517 1189 610 1226 ferre
624 1190 734 1239 jubet
753 1190 887 1227 celeres
905 1189 1085 1226 mandata
1101 1203 1167 1239 per
1187 1203 1315 1227 auras:

310 1240 409 1286 Quid
429 1242 575 1279 struis?
603 1245 669 1279 aut
689 1256 761 1291 qua
780 1256 843 1292 spe
862 1242 1015 1292 Libycis
1034 1242 1125 1279 teris
1145 1243 1223 1279 otia
1240 1242 1381 1280 terris?

310 1292 349 1329 Si
368 1296 407 1330 te
426 1295 529 1332 nulla
547 1298 674 1332 movet
693 1298 887 1332 tantarum
906 1295 1025 1345 gloria
1041 1308 1178 1341 rerum,

309 1345 392 1383 Nec
412 1360 522 1397 super
540 1348 617 1397 ipse
636 1350 703 1385 tua
721 1348 864 1385 moliris
883 1348 991 1385 laude
1009 1348 1186 1392 laborem,

309 1399 514 1437 Ascanium
534 1404 763 1451 surgentem,
783 1403 821 1438 et
840 1414 922 1450 spes
940 1400 1087 1437 heredis
1107 1400 1180 1436 Iuli

309 1451 490 1501 Respice3
519 1454 579 1490 cui
597 1467 757 1503 regnum
776 1454 902 1491 Italiae
922 1453 1167 1501 Romanaque
1185 1453 1298 1490 tellus

308 1504 546 1542 Debentur.”
604 1507 687 1543 Tali
706 1506 899 1556 Cyllenius
919 1519 980 1543 ore
999 1506 1146 1543 locutus

308 1557 489 1595 Mortales
508 1559 609 1596 Visus
628 1560 751 1597 medio
771 1573 939 1597 sermone
957 1559 1120 1608 reliquit,

310 1609 364 1646 Et
383 1612 512 1660 procul
531 1612 570 1649 in
588 1615 744 1650 tenuem
762 1625 807 1649 ex
825 1612 941 1649 oculis
960 1611 1113 1649 evanuit
1131 1624 1271 1647 auram.

361 1663 417 1700 At
436 1678 523 1702 vero
543 1665 681 1703 AEneas
701 1667 855 1715 aspectu
873 1664 1066 1702 obmutuit
1085 1677 1223 1708 amens,

308 1716 550 1766 Arrectaeque
568 1718 720 1755 horrore
739 1731 867 1764 comae,
887 1719 925 1755 et
943 1731 1017 1754 vox
1034 1716 1202 1754 faucibus
1220 1715 1341 1752 haesit.

307 1768 429 1806 Ardet
448 1771 549 1808 abire
566 1771 669 1821 fuga,
688 1771 886 1820 dulcesque
903 1770 1112 1819 relinquere
1129 1772 1260 1815 terras,

307 1821 511 1860 Attonitus
530 1826 640 1861 tanto
659 1824 809 1861 monitu
826 1823 1054 1873 imperioque
1073 1823 1239 1860 deorum.

308 1873 410 1920 Heu,
430 1876 521 1925 quid
538 1879 628 1926 agat
645 1876 663 1914 Ρ
692 1890 764 1926 (1110
783 1890 884 1914 nime
902 1876 1072 1926 reginam
1091 1875 1231 1912 ambire
1250 1874 1438 1911 furentem

308 1927 459 1965 Audeat
478 1929 627 1968 affatu?
656 1943 740 1979 quae
757 1930 879 1980 prima
897 1929 1046 1967 exordia
1064 1927 1222 1965 sumat?

311 1978 457 2029 [Atque
476 1982 644 2018 animum
661 1996 762 2020 1111110
780 1983 855 2020 11110
874 1983 1041 2028 celerem,
1060 1995 1160 2018 nunc
1179 1979 1315 2017 dividit
1333 1978 1433 2023 illuc,

308 2031 356 2068 In
376 2036 573 2083 partesque
591 2035 691 2084 rapit
708 2035 840 2082 varias,
858 2048 997 2085 perque
1016 2034 1141 2071 omnia
1158 2031 1313 2080 versat]

307 2084 405 2122 Haec
425 2086 628 2124 alternanti
646 2087 770 2137 potior
788 2088 977 2125 sententia
994 2087 1073 2123 visa
1092 2088 1170 2123 est:

308 2137 513 2176 Mnesthea
531 2140 821 2189 Sergestumque
839 2142 961 2184 vocat,
981 2140 1190 2187 fortemque
1210 2137 1399 2174 Serestum
1415 2152 1422 2173 :

308 2189 475 2228 Classem
495 2194 628 2242 aptent
646 2193 766 2238 taciti,
786 2193 977 2241 sociosque
996 2192 1043 2228 ad
1061 2191 1174 2228 litora
1193 2191 1353 2239 cogant3

306 2243 426 2281 Arma
443 2247 588 2294 parent,
607 2247 658 2291 et,
677 2258 761 2294 quae
780 2245 830 2282 sit
848 2245 958 2282 rebus
977 2257 1088 2281 031153
1106 2242 1299 2287 11ον311(115,

308 2295 580 2335 Dissimulent:
610 2311 688 2335 sese
707 2298 860 2343 interea,
881 2297 1028 2346 quando
1047 2296 1191 2346 optima
1209 2295 1310 2332 Dido

306 2348 474 2396 Nesciat,
496 2353 534 2388 et
552 2353 682 2388 tantos
700 2351 824 2400 rumpi
843 2364 918 2387 non
939 2352 1061 2399 speret
1081 2362 1236 2393 amores,

306 2401 560 2441 Tentaturum
580 2404 715 2449 adnm,
735 2406 774 2441 et
793 2416 877 2453 quae
895 2402 1115 2440 mollissima
1133 2401 1236 2438 fandi

305 2454 503 2505 Tempora,
524 2457 605 2506 quis
624 2457 734 2494 rebus
754 2457 884 2494 dexter
902 2456 1047 2492 modus.
1104 2454 1219 2492 Ocius
1238 2466 1367 2491 omnes

306 2507 473 2558 Imperio
491 2510 570 2547 laeti
588 2512 734 2560 parent,
754 2523 795 2547 30
809 2510 915 2560 jussa
933 2509 1134 2546 facessunt.

356 2562 412 2599 At
430 2562 560 2612 regina
578 2563 682 2600 dolos
705 2562 805 2612 (quis
825 2562 949 2599 fallere
967 2561 1086 2611 possit
1106 2562 1297 2597 amantem
1311 2558 1347 2608 Ρ)

305 2613 520 2663 Praesensit,
540 2618 741 2667 motusque
760 2615 905 2666 excepit
924 2615 1045 2665 prima
1063 2614 1222 2660 futuros,
