1705 2744
299 121 324 156 4
704 133 739 158 Ρ.
758 131 941 158 1111011111
961 131 1147 159 1111101113

302 223 442 261 Verum
460 224 538 262 haec
557 226 710 262 tantum
729 226 817 263 alias
836 226 934 263 inter
953 228 1065 276 caput
1084 226 1220 264 extulit
1240 227 1359 273 urbes,

301 277 494 323 Quantum
514 277 617 314 lenta
635 278 757 315 solent
775 280 874 316 inter
892 279 1050 316 viburna
1068 280 1242 329 cupressi.

354 329 463 367 MEL.
492 330 546 366 Et
565 344 645 380 quae
664 334 772 368 tanta
792 332 863 368 suit
883 331 1045 368 Romam
1067 332 1138 368 tibi
1157 346 1267 370 causa
1284 332 1433 370 videndi
1451 332 1467 370 Ρ

354 382 443 419 ΤΙΤ.
474 382 645 420 Libertas
660 400 668 429 3
696 397 776 433 quae
795 398 886 429 sera,
904 386 1032 421 tamen
1050 385 1211 434 respexit
1229 385 1401 432 inertem,

303 433 505 473 Candidior
523 438 723 485 postquam
742 437 917 473 tondenti
938 437 1053 473 barba
1071 438 1227 474 cadebat
1244 454 1252 484 ;

303 487 484 538 Respexit
502 491 641 534 tamen,
660 491 698 526 et
717 489 829 538 longo
848 491 934 538 post
953 492 1121 539 tempore
1140 491 1257 536 venit,

303 540 511 591 Postquam
529 555 597 577 nos
617 542 819 591 Amaryllis
838 542 964 587 habet,
985 542 1141 579 Galatea
1159 543 1322 592 reliquit.

302 592 478 643 Namque
497 594 641 631 fatebor
660 594 770 639 enim,
790 595 881 631 dum
900 607 959 630 me
979 594 1137 632 Galatea
1153 597 1318 642 tenebat,

302 645 384 684 Nec
403 660 485 696 spes
504 647 688 683 libertatis
707 649 798 692 erat,
817 660 884 683 nec
904 660 992 683 01113
1009 647 1141 696 peculi.

304 698 483 743 Quamvis
501 699 622 736 multa
640 699 732 737 meis
751 699 868 736 exiret
887 699 1042 736 victima
1060 699 1198 749 saeptis,

304 748 462 802 Pinguis
482 755 519 789 et
538 752 694 802 ingratae
712 754 942 802 premeretur
961 765 1086 789 caseus
1106 753 1210 790 urbi:

303 807 393 844 Non
413 818 578 854 unquam
597 805 721 854 gravis
741 819 810 842 aere
830 805 983 842 domum
1002 805 1095 841 mihi
1115 805 1246 843 dextra
1262 805 1419 843 redibat.

355 858 458 894 MEL.
488 857 666 903 Mirabar,
685 858 775 907 quid
793 860 925 895 maesta
942 858 1040 903 deos,
1060 858 1258 909 Amarylli,
1276 872 1438 905 vocareS‚

305 911 374 948 Cui
393 911 552 960 pendere
571 924 637 947 sua
655 911 832 960 patereris
851 911 890 947 in
910 911 1038 947 arbore
1056 924 1168 960 poma
1184 928 1191 957 3

307 964 464 1012 Tityrus
483 963 570 1000 hinc
589 963 729 1000 aberat.
784 963 880 1013 Ipsae
900 966 950 1009 te,
970 963 1113 1013 Tityre,
1132 964 1254 1013 pinus,

310 1017 390 1067 Ipsi
408 1019 447 1053 te
467 1016 601 1061 fontes,
620 1016 701 1065 ipsa
718 1016 796 1053 haec
816 1017 969 1053 arbusta
987 1017 1184 1054 vocabant.

356 1069 442 1105 TIT.
472 1068 571 1115 Quid
589 1068 779 1106 facerem?
807 1082 925 1118 neque
945 1069 1097 1106 servitio
1117 1083 1176 1106 me
1195 1069 1294 1107 exire
1310 1069 1459 1115 licebat,

308 1122 390 1159 Nec
408 1124 489 1158 tam
508 1123 710 1171 praesentes
729 1121 818 1158 alibi
836 1135 1056 1171 cognoscere
1075 1122 1191 1159 divos.

305 1175 381 1211 Hic
400 1175 508 1211 illum
527 1174 607 1211 Vidi
619 1174 808 1224 juvenem,
830 1174 1017 1219 Meliboee,
1038 1175 1239 1224 quotannis

305 1227 372 1264 Bis
393 1241 500 1264 senos
519 1227 579 1264 cui
598 1230 728 1264 nostra
746 1227 823 1264 dies
843 1227 975 1264 altaria
993 1228 1154 1264 fumant.

304 1280 380 1316 Hic
399 1280 494 1316 mihi
511 1293 731 1330 responsum
749 1280 892 1329 primus
912 1280 1016 1317 dedit
1034 1280 1096 1317 ille
1115 1280 1262 1330 petenti
1277 1297 1284 1317 :

306 1336 327 1352 “
344 1333 503 1379 Pascite,
522 1335 568 1369 ut
586 1335 685 1379 ante,
703 1333 828 1378 boves,
847 1333 951 1382 pueri
969 1350 976 1379 3
1005 1333 1220 1370 submittite
1237 1331 1405 1369 tauros?

357 1386 466 1422 MEL.
495 1385 706 1422 Fortunate
725 1399 847 1431 senex,
867 1399 955 1435 ergo
974 1388 1043 1422 tua
1061 1400 1147 1422 rura
1165 1386 1373 1422 manebunt
1389 1385 1397 1422 !

305 1438 360 1475 Et
378 1439 449 1476 tibi
468 1452 606 1488 magna
624 1438 726 1484 satis,
746 1439 915 1488 quamvis
934 1438 1028 1488 lapis
1047 1439 1173 1475 01111113
1190 1439 1312 1475 nudus

304 1491 530 1541 Limosoque
548 1491 654 1541 palus
673 1491 834 1528 obducat
852 1504 989 1541 11330113
1000 1492 1127 1541 junco.

304 1544 395 1582 Non
414 1545 562 1582 insueta
580 1557 712 1594 graves
730 1544 935 1581 tentabunt
954 1544 1090 1594 pabula
1107 1545 1224 1590 setas3

303 1595 387 1636 Nec
407 1598 505 1635 111313
522 1597 637 1634 vicini
654 1597 796 1647 pecoris
816 1598 991 1647 contagia
1008 1597 1158 1634 laedent.

305 1652 517 1691 Fortunate
536 1663 658 1695 seneX,
677 1650 739 1687 hic
757 1650 857 1687 inter
875 1650 1031 1687 flumina
1049 1652 1140 1687 nota

305 1706 361 1743 Et
380 1704 504 1741 fontes
524 1716 645 1740 sacros
665 1703 783 1753 frigus
803 1703 970 1752 captabis
991 1716 1160 1752 opacum.

306 1759 411 1795 Hinc
429 1756 512 1802 tibi,
532 1769 612 1805 quae
632 1769 776 1805 semper
794 1756 916 1793 vicino
937 1756 982 1793 ab
1001 1756 1124 1793 limite
1144 1768 1256 1806 saepes

309 1809 482 1861 Hyblaeis
502 1809 632 1858 apibus
652 1809 781 1846 florem
800 1809 954 1858 depasta
973 1809 1105 1855 salicti,

309 1864 413 1913 Saepe
432 1862 505 1898 levi
524 1875 698 1899 somnum
717 1862 888 1899 suadebit
907 1862 1000 1899 inire
1019 1875 1193 1898 susurro:

308 1917 413 1953 Hinc
433 1915 510 1952 alta
528 1915 596 1951 sub
616 1928 706 1964 rupe
725 1917 834 1952 canet
853 1915 1047 1952 frondator
1066 1915 1113 1952 ad
1132 1927 1261 1959 auras3

307 1970 389 2006 Nec
407 1972 536 2006 tamen
554 1967 697 2005 interea
714 1981 845 2013 raucae,
863 1970 932 2004 tua
950 1981 1048 2013 cura,
1067 1967 1270 2017 palumbes,

308 2022 389 2058 Nec
409 2033 556 2071 gemere
575 2021 676 2057 aeria
693 2021 852 2058 cessabit
871 2023 1000 2058 turtur
1019 2021 1065 2057 ab
1083 2020 1198 2057 ulmo.

360 2075 447 2111 TIT.
476 2074 579 2110 Ante
597 2073 696 2110 leves
715 2087 803 2122 ergo
822 2076 1022 2123 pascentur
1040 2073 1079 2110 in
1099 2073 1237 2109 aethere
1256 2071 1369 2116 cervi,

310 2127 363 2164 Et
383 2127 479 2164 freta
497 2126 707 2163 destituent
726 2126 845 2163 nudos
864 2127 904 2163 in
922 2126 1033 2163 litore
1052 2125 1191 2175 pisces;

310 2180 423 2225 Ante,
443 2179 640 2228 pererratis
660 2179 855 2215 amborum
874 2179 1022 2223 finibus,
1042 2178 1145 2215 exsul

309 2233 390 2269 Aut
410 2232 559 2268 Ararim
578 2232 744 2268 Parthus
763 2232 878 2278 bibet,
899 2234 965 2269 aut
985 2231 1187 2268 Germania
1205 2229 1364 2280 Tigrim,

309 2285 431 2331 Quam
450 2286 578 2321 nostro
598 2284 696 2321 illius
715 2285 864 2322 labatur
882 2287 1031 2334 pectore
1051 2284 1191 2330 vultus.

362 2337 470 2373 MEL.
500 2338 554 2373 At
573 2351 640 2373 nos
658 2337 746 2374 hinc
766 2337 830 2374 alii
848 2338 1017 2375 sitientes
1035 2337 1174 2374 ibimus
1193 2336 1316 2381 Afros,

310 2389 402 2426 Pars
423 2389 619 2438 Scythiam
639 2392 677 2426 et
696 2390 868 2439 rapidum
887 2390 1007 2427 Cretae
1029 2390 1220 2427 veniemus
1241 2389 1400 2433 Oaxem,

311 2443 365 2479 Et
385 2442 535 2491 penitus
553 2444 637 2478 toto
658 2442 795 2479 divisos
815 2443 902 2480 orbe
921 2443 1139 2479 Britannos.

308 2495 369 2532 En
390 2507 554 2544 unquam
572 2495 712 2543 patrios
730 2496 843 2545 longo
862 2498 948 2545 post
966 2498 1134 2545 tempore
1152 2495 1257 2540 fines,

308 2548 487 2597 Pauperis
507 2550 545 2584 et
563 2548 694 2596 tuguri
715 2551 937 2598 congestum
957 2549 1095 2597 cespite
1114 2548 1272 2592 culmen,

308 2601 402 2638 Post
422 2601 575 2650 aliquot,
596 2613 677 2637 mea
695 2614 811 2650 regna
828 2601 969 2647 videns,
989 2601 1152 2638 mirabor
1169 2600 1302 2638 aristas
1317 2599 1333 2636 ’ἑ
