1705 2744
115 627 232 677 Itque
250 625 423 674 reditque
442 624 544 661 viam
561 622 688 660 toties.
745 621 847 668 Quid
866 621 1022 664 Thesea,
1042 637 1225 673 magnum

116 680 218 727 Quid
236 691 443 716 memorem
462 677 622 714 Alciden
639 676 656 714 Ρ
702 675 758 712 Et
776 675 830 711 mi
848 688 969 725 genus
989 676 1035 713 ab
1056 676 1154 715 Jove
1174 678 1363 715 summo.''

169 732 325 770 Talibus
345 731 477 769 orabat
497 729 620 775 dictis,
641 741 798 777 arasque
817 728 996 775 tenebat3

117 787 247 833 Quum
266 785 318 822 sic
338 798 421 822 orsa
438 783 544 834 loqui
561 785 668 820 vates
685 799 693 820 z
723 785 744 800 ‘⁶
759 781 848 819 Sate
868 782 1053 832 sanguine
1073 783 1216 830 divum⁷

116 840 212 877 Tros
230 837 472 883 Anchisiada‚
490 836 610 874 facilis
629 836 827 873 descensus
846 835 1000 873 Averno
1015 852 1022 882 3

116 893 262 930 Noctes
281 894 396 941 atque
415 891 493 928 dies
511 892 619 940 patet
639 889 713 926 atri
724 889 844 939 janua
863 888 990 935 Ditis;

121 946 195 984 Sed
213 958 386 984 revocare
404 944 566 994 gradum
584 955 811 993 superasque
830 941 984 979 evadere
1003 943 1049 979 ad
1069 956 1189 990 auras,

120 1000 209 1037 Hoc
229 1012 334 1049 opUS‚
353 998 416 1035 hic
434 997 541 1034 labor
559 999 628 1034 est.
685 995 815 1041 Pauci,
836 1009 929 1045 quos
949 1009 1078 1045 aequus
1098 996 1240 1034 amavit

121 1053 288 1103 Jupiter,
308 1054 375 1089 aut
396 1051 529 1089 ardens
548 1049 673 1087 evexit
692 1049 740 1086 ad
758 1048 898 1086 aethera
918 1049 1052 1095 virtus,

121 1106 192 1143 Dis
211 1105 334 1157 geniti
351 1107 521 1155 potuere.
577 1103 727 1140 Tenent
746 1102 870 1139 media
889 1102 1015 1140 omnia
1034 1103 1149 1142 silvae.

121 1159 364 1210 Cocytusque
384 1158 471 1195 sinu
487 1157 617 1194 labens
637 1155 886 1194 circumvenit
905 1158 999 1193 atro.

121 1213 232 1260 Quod
250 1212 282 1250 si
299 1214 433 1250 tantus
453 1224 558 1248 amor
576 1209 708 1255 menti,
728 1209 760 1246 si
776 1211 887 1246 tanta
906 1209 1042 1259 cupido
1062 1213 1120 1247 est

120 1267 189 1303 Bis
209 1266 364 1317 Stygios
382 1265 515 1302 innare
533 1264 649 1310 lacus,
667 1263 726 1300 bis
745 1262 856 1313 nigra
874 1262 999 1300 videre

122 1320 293 1366 Tartara,
313 1321 352 1357 et
370 1319 502 1356 insano
516 1317 630 1367 juvat
649 1316 845 1367 indulgere
864 1315 983 1353 labori
999 1333 1006 1362 ;

121 1373 273 1423 Accipe,
292 1385 377 1423 quae
395 1370 609 1422 peragenda
626 1369 743 1420 prius.
798 1369 915 1407 Latet
935 1370 1066 1407 arbore
1086 1383 1202 1420 opaca

122 1427 271 1464 Aureus
291 1428 330 1463 et
348 1425 446 1463 foliis
466 1427 505 1462 et
523 1423 628 1461 lento
645 1422 787 1460 vimine
805 1436 944 1469 ramus,

124 1478 151 1515 J
153 1479 271 1516 unoni
287 1479 445 1516 infernae
466 1478 590 1515 dictus
610 1490 733 1514 sacer:
762 1476 866 1513 hunc
885 1475 985 1526 tegit
1005 1476 1127 1513 omnis

124 1531 265 1578 Lucus,
284 1533 323 1569 et
342 1531 510 1569 obscuris
529 1531 712 1568 claudunt
733 1529 967 1567 convallibus
987 1530 1143 1566 umbrae.

124 1584 199 1622 Sed
216 1598 293 1622 non
311 1587 399 1622 ante
418 1585 532 1621 datur
549 1583 697 1621 telluris
716 1586 848 1633 operta
867 1582 1003 1627 subire,

124 1638 349 1675 Auricomos
368 1651 483 1687 quam
502 1637 568 1687 qui
586 1636 812 1686 decerpserit
831 1636 962 1673 arbore
980 1636 1094 1672 fetus.

123 1690 212 1728 Hoc
232 1691 303 1728 sibi
321 1690 479 1741 pulchra
498 1703 611 1727 suum
628 1689 718 1726 ferri
735 1689 962 1738 Proserpina
980 1702 1119 1724 munus

123 1743 318 1782 Instituit.
373 1743 504 1780 Primo
524 1742 653 1780 avulso
672 1756 750 1780 non
769 1741 896 1779 deficit
916 1741 1012 1778 alter

123 1798 274 1834 Aureus
290 1814 298 1842 3
326 1799 366 1834 et
384 1796 499 1834 simili
516 1796 721 1834 frondescit
738 1795 846 1846 virga
864 1794 1030 1832 metallo.

122 1850 230 1901 Ergo
249 1850 325 1888 alte
343 1850 492 1900 vestiga
510 1849 640 1895 oculis,
660 1851 699 1886 et
717 1848 790 1886 rite
809 1850 1004 1898 repertum

123 1903 244 1954 Carpe
263 1917 402 1941 manu:
430 1916 594 1954 namque
612 1902 692 1952 ipse
710 1901 839 1939 volens
858 1901 1052 1950 facilisque
1071 1902 1259 1950 sequetur,

123 1956 163 1994 Si
185 1960 222 1995 te
239 1957 320 1995 fata
337 1958 476 1994 vocant
493 1973 501 1994 :
530 1956 650 2001 aliter,
668 1969 746 1993 non
762 1954 906 1992 viribus
927 1954 1011 1991 ullis

123 2010 296 2057 Vincere,
315 2023 384 2048 nec
403 2010 500 2047 duro
518 2009 660 2059 poteris
681 2008 888 2046 convellere
906 2007 1016 2044 ferro.

123 2064 315 2102 Praeterea
326 2064 430 2113 jacet
449 2062 667 2101 exanimum
684 2061 758 2099 tibi
776 2074 910 2111 corpus
931 2060 1053 2106 amici,

123 2117 218 2155 Heu
235 2117 377 2155 nescis!
406 2118 606 2166 totamque
624 2115 788 2153 incestat
806 2115 937 2152 funere
957 2114 1135 2157 classenm

123 2170 232 2208 Dum
250 2170 424 2209 consulta
441 2170 551 2220 petiS,
570 2171 776 2218 nostroque
794 2167 834 2206 in
852 2167 982 2205 limine
1001 2166 1152 2217 pendes,

125 2224 284 2262 Sedibus
302 2224 406 2261 hunc
423 2223 520 2261 refer
537 2225 626 2261 ante
645 2222 734 2268 suis,
754 2223 793 2259 et
813 2221 930 2258 conde
949 2220 1130 2270 sepulcro.

125 2276 214 2315 Duc
231 2277 359 2328 nigras
377 2277 538 2327 pecudes
553 2293 562 2323 3
589 2289 632 2314 ea
649 2275 772 2326 prima
788 2274 936 2325 piacula
954 2276 1079 2311 sunto.

126 2330 187 2368 Sic
206 2331 361 2368 demum
378 2331 483 2368 lucos
502 2329 670 2380 Stygios,
687 2342 807 2379 regna
825 2327 927 2365 invia
944 2327 1052 2373 vivis,

127 2383 338 2433 Aspicies.''
394 2383 518 2429 Dixit,
536 2395 738 2433 pressoque
757 2380 954 2420 obmutuit
972 2393 1046 2418 ore.

180 2436 320 2474 AEneas
337 2439 471 2475 maesto
490 2437 634 2474 defixus
652 2435 798 2473 lumina
815 2434 930 2471 vultu

128 2487 362 2539 Ingreditur,
379 2489 555 2541 linquens
574 2491 751 2536 antrum3
780 2500 974 2537 caecosque
991 2486 1143 2524 volutat

128 2540 303 2581 Eventus
322 2543 447 2582 animo
466 2556 606 2582 secum.
662 2542 736 2580 Cui
752 2541 852 2579 fidus
869 2541 1037 2578 Achates
