1674 2775
581 111 773 138 AENEIDOS
793 111 877 137 LIB.
897 112 936 137 X.

122 207 287 257 Spumea
305 206 477 244 semifero
497 206 567 244 sub
585 208 738 257 pectore
756 207 971 243 murmurat
989 206 1103 244 unda.

122 261 200 298 Tot
218 260 308 298 lecti
326 273 497 310 proceres
516 262 576 297 ter
595 260 701 297 denis
719 260 880 297 navibus
899 259 1008 296 ibant

122 313 298 351 Subsidio
318 313 456 364 Trojae,
477 315 516 350 et
536 327 688 363 campos
708 313 794 350 salis
814 326 885 350 aere
904 313 1095 350 secabant.

175 366 341 416 Jamque
360 367 438 404 dies
458 366 551 404 coelo
571 368 817 412 concesserat,
837 366 1009 416 almaque
1029 380 1143 403 curru

120 420 340 470 Noetivago
361 420 506 457 Phoebe
525 420 693 457 medium
711 419 888 470 pulsabat
908 419 1118 469 Olympum
1134 436 1142 457 :

120 473 274 520 AEneas,
293 487 415 522 neque
434 473 535 511 enim
554 473 735 511 membris
756 473 822 510 dat
842 486 931 510 eura
950 473 1130 522 quietem,

121 526 210 577 Ipse
229 527 361 564 sedens
381 526 604 576 clavumque
621 527 722 577 regit
739 526 906 576 velisque
924 526 1131 564 ministrat.

120 580 252 630 Atque
271 580 328 617 illi
346 580 471 618 medio
490 580 530 617 in
550 580 673 630 spatio
693 580 829 617 chorus
850 593 934 617 ecce
954 593 1108 616 suarum

122 633 298 671 Occurrit
318 633 502 670 comitum
519 650 527 671 :
557 634 765 684 Nymphae,
785 646 877 683 quas
897 633 998 670 alma
1017 632 1170 683 Cybebe

120 686 281 724 Numen
299 687 437 724 habere
457 687 582 733 maris,
602 687 881 737 Nymphasque
902 700 921 724 e
940 687 1100 724 navibus
1120 700 1199 724 esse

121 1221 150 1258 J
154 1222 310 1267 usserat,
330 1220 515 1258 innabant
534 1221 686 1271 pariter,
706 1221 920 1270 fluctusque
940 1222 1129 1269 secabant,

122 1275 227 1321 Quot
246 1274 349 1324 prius
368 1277 493 1311 aeratae
514 1276 702 1311 steterant
721 1275 769 1312 ad
786 1275 899 1311 litora
916 1288 1051 1325 prorae.

119 1328 349 1378 Agnoscunt
368 1328 480 1378 longe
499 1341 639 1378 regem,
659 1328 902 1377 lustrantque
922 1329 1079 1366 choreis.

120 1382 301 1428 Quarum,
321 1394 406 1430 quae
426 1381 531 1418 fandi
549 1381 779 1428 doctissima,
800 1381 1039 1431 Cymodocea

120 1435 226 1472 Pone
246 1448 403 1484 sequens
423 1435 557 1472 dextra
574 1435 733 1485 puppim
750 1437 870 1482 tenet,
895 1435 1051 1485 ipsaque
1070 1436 1181 1474 dorso

120 1488 290 1534 Eminet,
310 1501 352 1525 ae
370 1488 463 1525 laeva
481 1488 609 1525 tacitis
629 1489 864 1538 subremigat
884 1489 1008 1526 undis.

120 1541 220 1578 Tum
240 1541 293 1578 sic
310 1541 487 1591 ignarum
506 1541 733 1592 alloquitur:
763 1546 783 1561 ‘⁶
800 1542 1006 1592 Vigilasne,
1026 1542 1139 1580 deum
1158 1556 1263 1592 gens,

120 1594 243 1631 AEnea
260 1594 277 1632 Ρ
306 1594 433 1645 vigila,
454 1598 493 1632 et
511 1595 604 1632 velis
623 1595 792 1632 immitte
810 1596 1002 1632 rudentes.

119 1647 204 1685 Nos
224 1661 353 1684 sumus
373 1648 491 1685 Idaeae
511 1662 615 1685 sacro
635 1648 680 1686 de
699 1648 840 1686 vertice
858 1648 983 1698 pinus,

118 1700 236 1738 Nune
255 1701 381 1751 pelagi
399 1701 605 1752 Nymphae,
625 1701 752 1739 classis
771 1704 851 1739 tua.
908 1701 1082 1738 Perfidus
1102 1704 1147 1739 ut
1166 1716 1235 1739 nos

120 1753 343 1804 Praecipites
363 1755 460 1792 ferro
480 1754 650 1792 Rutulus
668 1755 895 1804 flammaque
913 1756 1122 1805 premebat,

119 1806 311 1857 Rupimus
330 1807 461 1845 invitae
479 1810 548 1845 tua
566 1808 727 1855 vincula,
746 1811 860 1858 teque
878 1822 945 1859 per
963 1822 1090 1857 aequor

120 1860 346 1907 Quaerimus.
402 1861 517 1899 Hanc
537 1861 721 1899 Genetrix
740 1862 875 1899 faciem
894 1862 1073 1899 miserata
1090 1862 1233 1909 refecit,

119 1913 176 1951 Et
196 1914 302 1952 dedit
321 1928 400 1952 esse
421 1915 519 1961 deas,
540 1929 736 1965 aevumque
755 1915 899 1965 agitare
919 1916 989 1952 sub
1008 1915 1131 1952 undis.

119 1967 176 2004 At
194 1981 288 2018 puer
306 1968 492 2005 Ascanius
512 1982 622 2006 muro
640 1968 823 2018 fossisque
842 1971 997 2006 tenetur

119 2020 213 2058 Tela
230 2021 332 2058 inter
350 2021 474 2059 media
492 2024 606 2071 atque
625 2022 822 2059 horrentes
842 2022 972 2059 Marte
992 2021 1164 2059 Latinos.

119 2073 149 2111 J
151 2087 213 2111 am
231 2074 314 2112 loca
326 2075 434 2125 jussa
451 2077 587 2112 tenent
606 2075 697 2112 forti
715 2075 925 2125 permixtus
945 2075 1111 2113 Etrusco

119 2127 238 2165 Arcas
258 2141 382 2177 eques.
438 2128 588 2166 Medias
606 2128 680 2166 illis
700 2142 887 2178 opponere
904 2131 1065 2175 turmas,

119 2180 183 2218 Ne
202 2182 335 2219 castris
349 2181 528 2232 jungant,
549 2184 652 2220 certa
670 2185 728 2219 est
748 2182 939 2220 sententia
958 2182 1100 2220 Tiffno.

121 2234 244 2285 Surge
263 2248 344 2285 age,
364 2237 403 2272 et
422 2236 572 2273 Aurora
590 2236 709 2273 socios
728 2237 904 2273 veniente
923 2235 1050 2273 vocari

121 2286 274 2325 Primus
292 2289 332 2325 in
353 2302 457 2326 arma
468 2289 572 2339 jube,
592 2292 631 2326 et
651 2290 814 2340 clipeum
833 2302 933 2339 cape,
954 2302 1067 2338 quem
1087 2289 1192 2326 dedit
1210 2288 1290 2339 ipse

120 2338 319 2378 Invictum
337 2342 567 2392 ignipotens,
587 2345 701 2392 atque
720 2356 803 2380 oras
823 2342 958 2380 ambiit
978 2356 1080 2380 auro.

122 2391 298 2432 Crastina
315 2395 391 2441 lux,
410 2409 495 2433 mea
513 2396 544 2432 si
562 2410 640 2433 non
658 2396 767 2433 irrita
785 2396 888 2433 dicta
906 2396 1064 2446 putaris,

125 2444 311 2496 Ingentes
330 2448 490 2486 Rutulae
510 2450 698 2499 spectabit
717 2449 829 2487 caedis
849 2450 1040 2487 acervos.”

124 2497 286 2537 Dixerat
303 2517 310 2538 :
340 2503 379 2538 et
399 2502 531 2539 dextra
550 2503 743 2540 discedens
762 2502 916 2552 impulit
935 2503 1065 2548 altam,

122 2550 243 2589 Haud
259 2553 393 2603 ignara
411 2555 526 2602 modi,
545 2556 715 2606 puppim.
772 2556 893 2606 Fugit
912 2555 977 2593 illa
994 2569 1061 2606 per
1080 2554 1200 2592 undas

123 2603 236 2643 Ocior
255 2609 294 2644 et
307 2607 434 2658 jaculo
454 2610 493 2646 et
511 2611 647 2647 ventos
667 2611 840 2659 aequante
860 2609 1013 2659 sagitta.

1319 104 1396 140 331
