1705 2744
257 81 309 119 56
656 94 691 120 P.
710 93 896 121 vaILn
913 95 1101 122 MARONIS

261 186 334 224 Sed
351 186 475 225 trudit
493 201 673 238 gemmaS,
692 191 731 226 et
749 189 898 227 frondes
916 190 1077 240 explicat
1095 203 1236 228 omnes.

260 240 351 277 Non
369 240 460 278 alios
478 241 599 291 prima
617 242 815 280 crescentis
835 244 978 294 origine
995 243 1127 280 mundi

262 292 434 331 Illuxisse
453 294 542 341 dies,
562 295 723 333 aliumve
741 295 915 334 habuisse
933 299 1103 335 tenorem

262 345 512 385 Crediderim:
540 361 605 385 ver
622 348 717 385 illud
735 352 815 386 erat
831 366 839 395 ;
867 364 932 387 ver
950 363 1110 400 magnus
1129 350 1266 400 agebat

262 399 384 447 Orbis,
403 402 442 438 et
460 400 624 439 hibernis
643 402 846 452 parcebant
863 403 1015 441 flatibus
1034 403 1125 450 euri,

257 1623 383 1669 Quum
400 1622 530 1673 primae
548 1622 668 1660 lucem
688 1623 846 1673 pecudes
864 1622 1031 1669 hausere,
1050 1622 1248 1674 virumque

255 1675 393 1713 Ferrea
410 1676 605 1726 progenies
625 1676 726 1713 duris
745 1679 858 1726 caput
877 1677 1014 1714 extulit
1033 1677 1142 1724 arvis,

254 1729 515 1779 Immissaeque
533 1729 621 1767 serae
640 1730 743 1767 silvis
761 1732 801 1767 et
819 1730 939 1767 sidera
957 1730 1062 1767 coelo.

252 1782 294 1819 N
295 1796 336 1820 ec
354 1796 411 1821 res
430 1783 531 1820 hunc
549 1785 691 1821 tenerae
707 1786 861 1833 possent
878 1784 1038 1833 perferre
1055 1783 1233 1830 laborem,

254 1835 294 1872 Si
312 1849 388 1873 non
407 1838 516 1873 tanta
535 1837 637 1886 quies
656 1837 728 1874 iret
747 1837 939 1887 frigusque
961 1837 1194 1887 caloremque

253 1888 373 1935 Inter,
392 1892 431 1927 et
450 1889 635 1939 exciperet
654 1891 737 1927 eoeli
754 1890 992 1940 indulgentia
1009 1893 1140 1928 terras.

306 1942 416 1988 Quod
435 1945 614 1992 superest,
635 1957 877 1993 quaecumque
894 1957 1039 1993 premes
1058 1943 1226 1993 virgulta
1247 1956 1314 1992 per
1331 1956 1453 1994 agrOS,

253 1995 393 2045 Sparge
412 1996 501 2033 fimo
520 1996 662 2046 pingui,
682 1999 721 2034 et
739 1997 861 2034 multa
878 2010 1023 2034 memor
1040 1996 1164 2034 occule
1182 1998 1304 2042 terra3

252 2048 334 2085 Aut
352 2049 513 2098 lapidem
532 2050 713 2095 bibulum,
733 2053 799 2087 aut
819 2050 1030 2100 squalentes
1048 2049 1174 2086 infode
1192 2049 1373 2096 conchas3

253 2100 362 2138 Inter
380 2102 480 2138 enim
497 2102 672 2139 labentur
690 2116 805 2152 aquae,
823 2103 1022 2152 tenuisque
1040 2102 1182 2139 subibit

252 2153 421 2201 Halitus,
440 2156 553 2205 atque
571 2155 714 2192 animos
735 2156 873 2193 tollent
891 2158 984 2192 sata.
1039 2155 1203 2205 Jamque
1223 2155 1374 2205 reperti,

252 2207 327 2253 Qui
345 2221 433 2245 saxo
452 2221 562 2257 super
580 2210 693 2257 atque
710 2209 877 2259 ingentis
895 2208 1057 2258 pondere
1071 2212 1181 2246 testae

250 2259 463 2311 Urgerent:
491 2261 563 2299 hoc
582 2262 717 2299 effusos
735 2262 928 2299 munimen
947 2262 994 2298 ad
1012 2261 1172 2307 imbres;

251 2313 351 2360 Hoc,
369 2314 435 2351 ubi
452 2314 578 2352 hiulca
595 2315 659 2352 siti
678 2315 789 2352 findit
808 2315 908 2352 canis
927 2314 1066 2352 aestifer
1084 2328 1183 2352 arva.

304 2366 515 2404 Seminibus
534 2368 678 2418 positis,
698 2371 866 2418 superest
885 2368 1065 2405 deducere
1084 2370 1225 2406 terram

251 2419 393 2470 Saepius
412 2421 458 2458 ad
478 2421 601 2471 capita
619 2424 658 2459 et
677 2422 789 2459 duros
802 2422 945 2472 jactare
964 2421 1147 2467 bidentes,

247 2473 330 2510 Aut
347 2487 473 2523 presso
492 2488 658 2512 exercere
677 2475 798 2513 solum
817 2475 886 2512 sub
905 2488 1066 2519 vomere,
1086 2478 1125 2512 et
1143 2474 1224 2525 ipsa

248 2527 419 2565 Flectere
437 2527 625 2566 luctantes
643 2528 744 2566 inter
761 2528 890 2566 vineta
901 2528 1082 2578 juvencos
1097 2544 1104 2565 :

247 2581 346 2618 Tum
366 2581 464 2618 leves
483 2581 655 2629 calamos,
674 2584 714 2619 et
731 2595 823 2620 rasae
844 2581 998 2619 hastilia
1015 2581 1132 2632 virgae
