1674 2775
640 128 831 155 AENEIDOS
851 128 935 155 LIB.
955 129 1032 155 XII.

196 226 289 277 Ipsa
306 225 422 272 subit,
441 224 692 275 manibusque
711 225 900 262 undantes
919 224 1041 262 flectit
1060 223 1239 271 habenas,

196 279 348 318 Cuncta
365 292 511 330 gerenS,
529 291 736 328 vocemque
756 280 795 316 et
814 292 950 328 corpus
969 280 1009 316 et
1028 291 1132 315 arma
1152 278 1319 316 Metisci.

197 333 324 384 Nigra
341 332 449 371 velut
469 346 628 383 magnas
648 332 793 370 domini
813 346 930 382 quum
952 332 1083 369 divitis
1104 332 1201 370 aedes

196 387 378 425 Pervolat
397 389 437 425 et
456 386 591 437 pennis
610 386 688 423 alta
707 386 806 423 atria
822 387 965 423 lustrat
983 386 1161 432 hirundo,

197 440 345 479 Pabula
362 454 479 491 parva
497 440 638 490 legens,
659 440 831 490 nidisque
851 440 1072 490 loquacibus
1093 453 1195 477 escas
1213 456 1221 485 3

197 495 254 532 Et
272 507 373 532 nunc
392 494 603 545 porticibus
622 494 763 539 vacuis,
783 507 885 531 nunc
905 493 1064 531 humida
1082 494 1226 531 circum

198 548 345 599 Stagna
363 550 474 585 sonat
491 564 498 586 :
529 547 663 585 similis
683 547 826 585 medios
847 547 875 584 J
878 550 1019 585 uturna
1037 561 1105 598 per
1124 547 1255 585 hostes

197 601 341 640 Fertur
360 601 478 652 equis,
497 601 703 652 rapidoque
721 601 853 639 volans
873 601 955 639 obit
975 601 1104 639 omnia
1119 615 1232 639 curru
1250 618 1258 648 3

198 655 365 706 Jamque
383 655 446 693 hic
465 669 702 706 germanum,
717 655 874 706 jamque
893 655 955 693 hic
975 658 1149 693 ostentat
1170 658 1348 694 ovantem
1365 672 1373 701 ;

199 710 284 747 Nec
304 710 474 747 conferre
494 723 653 746 manum
671 709 843 759 patitur3
872 709 977 746 volat
997 709 1081 746 avia
1099 709 1225 759 longe.

198 763 319 801 Haud
337 763 464 801 minus
484 763 624 800 AEneas
643 765 768 800 tortos
787 762 883 813 legit
904 763 1037 800 obvius
1057 763 1179 809 orbes,

199 817 457 868 Vestigatque
476 817 615 863 virum,
636 819 675 854 et
696 816 854 867 disjecta
872 830 939 867 per
959 817 1114 867 agmina
1133 831 1274 868 magna

198 870 302 908 Voce
321 873 445 908 vocat.
503 870 662 917 Quoties
681 870 809 908 oculos
829 870 991 921 conjecit
1011 871 1049 907 in
1072 870 1235 917 hostem,

198 924 480 975 Alipedumque
501 924 633 975 fugam
653 937 766 962 cursu
786 924 954 961 tentavit
975 937 1183 973 equorum,

199 979 365 1017 Aversos
384 978 500 1016 toties
521 991 653 1016 currus
673 978 845 1015 Juturna
864 978 1032 1015 retorsit.

200 1032 304 1079 Heu,
325 1032 416 1082 quid
435 1031 558 1083 agat?
614 1032 729 1070 Vario
749 1032 1007 1082 nequidquam
1028 1031 1191 1069 fluctuat
1212 1036 1322 1073 aesi‘lt,

200 1086 449 1137 Diversaeque
468 1088 608 1124 vocant
628 1086 800 1123 animum
820 1086 859 1123 in
880 1086 1071 1123 contraria
1091 1100 1201 1123 curae.

200 1139 307 1177 Huic
327 1140 542 1191 Messapus,
562 1140 622 1177 uti
641 1140 736 1177 laeva
755 1139 831 1177 duo
852 1140 952 1177 forte
971 1139 1130 1190 gerebat

201 1193 338 1240 Lenta,
359 1194 452 1231 levis
472 1207 596 1240 cursu,
615 1194 775 1244 praefixa
792 1193 949 1231 hastilia
968 1195 1078 1239 ferro,

202 1247 358 1285 Horum
377 1261 498 1285 unum
517 1250 622 1285 certo
646 1250 902 1297 contorquens
923 1247 1057 1298 dirigit
1077 1247 1168 1285 ictu.

201 1301 386 1339 Substitit
406 1301 560 1348 AEneas,
580 1305 619 1339 et
644 1315 683 1339 se
703 1301 857 1352 collegit
878 1301 917 1339 in
937 1315 1054 1348 arma,

202 1355 356 1406 Poplite
375 1355 574 1393 subsidens
591 1372 598 1393 :
629 1355 776 1406 apicem
796 1358 926 1393 tamen
947 1355 1065 1393 incita
1084 1368 1278 1392 summum

202 1409 332 1447 Hasta
349 1409 454 1456 tulit,
474 1423 717 1459 summasque
736 1409 902 1447 excussit
922 1409 1064 1447 vertice
1084 1409 1230 1446 cristas.

202 1463 304 1501 Tum
322 1477 412 1502 vero
432 1465 640 1514 assurgunt
659 1463 744 1510 irae;
772 1463 993 1514 insidiisque
1013 1463 1206 1509 subactus,

201 1517 384 1555 Diversos
403 1517 470 1555 ubi
489 1517 607 1555 sensit
627 1531 742 1568 equos
762 1531 991 1567 currumque
1011 1516 1151 1563 referri,

203 1570 335 1609 Multa
353 1570 382 1608 J
385 1585 495 1609 ovem
514 1573 554 1609 et
573 1571 656 1609 laesi
675 1573 844 1609 testatur
862 1571 1014 1609 foederis
1035 1584 1138 1616 aras;

203 1624 232 1662 J
234 1638 297 1662 am
314 1625 472 1663 tandem
492 1625 640 1663 invadit
660 1625 816 1670 medios,
837 1627 876 1663 et
897 1625 1027 1662 Marte
1047 1624 1211 1662 secundo

204 1678 401 1717 Terribilis
421 1692 562 1717 saevam
581 1679 687 1717 nullo
707 1679 924 1717 discrimine
944 1679 1089 1716 caedem

204 1732 385 1780 Suscitat‚
404 1733 622 1783 irarumque
641 1746 772 1771 omnes
792 1733 955 1771 effundit
974 1732 1154 1770 habenas

259 1786 354 1834 Quis
372 1787 470 1824 mihi
488 1801 589 1825 nunc
609 1789 671 1825 tot
691 1787 825 1825 acerba
843 1787 947 1833 deus,
967 1787 1052 1837 quis
1072 1784 1237 1823 carmine
1257 1784 1376 1822 caedes

204 1839 398 1887 DiversaS,
418 1840 642 1892 obitumque
662 1841 815 1887 ducum,
836 1855 930 1891 quos
953 1853 1104 1891 aequore
1123 1842 1209 1876 toto

204 1893 330 1944 Inque
349 1895 471 1932 vicem
489 1908 592 1932 nune
612 1895 765 1932 Turnus
785 1894 878 1945 agit,
898 1908 999 1931 nunc
1019 1893 1159 1930 Troius
1179 1893 1301 1937 herm,

206 1947 430 1998 Expediat?
457 1948 609 1986 tanton'
631 1948 775 1999 placuit
793 1961 1015 1986 concurrere
1034 1949 1156 1994 motu,

205 2001 375 2053 Jupiter,
395 2004 536 2040 aeterna
554 2005 689 2053 gentes
708 2002 749 2039 in
767 2015 858 2053 pace
877 2001 1048 2039 futuras!

204 2055 347 2094 AEneas
367 2055 560 2094 Rutulum
580 2056 886 2094 Sucronem—ea
903 2055 1027 2106 prima
1044 2055 1197 2092 ruentes

205 2109 345 2161 Pugna
362 2110 445 2148 loco
465 2109 606 2148 statuit
626 2109 952 2148 Teucros—haud
970 2108 1095 2146 multa
1114 2112 1287 2145 moratus

205 2164 364 2215 Excipit
382 2163 423 2201 in
441 2163 555 2211 latus,
575 2166 626 2211 et,
647 2178 722 2215 qua
740 2164 820 2202 fata
839 2163 1044 2209 celerrima,
1064 2162 1224 2200 crudum

206 2217 454 2269 Transadigit
473 2220 598 2256 costas
618 2220 657 2256 et
677 2220 799 2256 crates
818 2217 983 2268 pectoris
1003 2229 1144 2254 ensem.

207 2271 361 2309 Turnus
380 2285 476 2323 equo
497 2272 688 2323 dejectum
708 2272 913 2323 Amycum,
933 2271 1168 2320 fratremque
1187 2268 1359 2315 Diorem,

207 2323 442 2376 Congressus
461 2326 587 2376 pedes,
606 2326 709 2364 hune
728 2326 948 2364 venientem
968 2324 1124 2375 cuspide
1142 2323 1270 2374 longa,

207 2378 328 2417 Hunc
347 2392 529 2418 mucrone
548 2380 660 2427 ferit;
689 2393 875 2430 curruque
895 2378 1042 2417 abscisa
1060 2378 1224 2415 duorum

209 2432 419 2483 Suspendit
438 2434 575 2484 capita,
595 2436 634 2472 et
653 2433 823 2472 rorantia
842 2432 1026 2483 sanguine
1045 2433 1189 2482 portat.

208 2485 281 2524 Ille
302 2486 425 2524 Talon
443 2487 679 2538 Tanaimque
698 2488 782 2525 neci
800 2487 1015 2536 fortemque
1035 2485 1266 2536 Cethegum,

209 2540 305 2578 Tres
322 2554 401 2578 uno
420 2554 637 2591 congressu,
656 2543 696 2579 et
716 2543 896 2579 maestum
916 2539 1043 2578 mittit
1063 2539 1232 2588 Onyten,

211 2594 368 2632 Nomen
387 2594 632 2642 Echionium,
651 2595 861 2644 matrisque
881 2607 1001 2644 genus
1021 2592 1185 2630 Peridiae
1204 2609 1212 2639 3

211 2647 291 2686 Hic
310 2648 447 2686 fratres
467 2647 588 2699 Lycia
605 2649 742 2687 missos
761 2651 800 2687 et
821 2647 1009 2699 Apollinis
1029 2646 1141 2698 agris,

1400 120 1478 157 389
