1674 2775
181 99 263 135 336
584 109 620 134 P.
641 108 830 135 V1RG1L11
850 109 1041 136 MARoms

181 203 339 241 Elatam
357 202 398 240 in
411 203 592 254 jugulum
607 220 615 249 3
645 217 733 241 saxo
752 203 841 242 ferit
861 218 927 242 ora
945 205 1145 253 Thoantis,

183 257 352 306 Ossaque
371 257 549 307 dispersit
568 258 719 295 cerebro
739 257 929 307 permixta
949 262 1119 297 cruento.

182 310 282 348 Fata
300 324 437 348 canens
457 310 561 348 silvis
581 311 734 360 genitor
753 311 892 348 celarat
912 311 1111 359 Halesum,

181 364 240 401 Ut
260 364 384 402 senior
402 364 479 401 leto
499 364 675 401 canentia
693 364 839 401 lumina
858 364 972 402 solvit
990 382 997 402 :

182 417 350 468 Injecere
370 431 527 455 manum
547 417 691 463 Parcae,
710 417 871 468 telisque
890 420 1087 455 sacrarunt

182 470 365 508 Evandri.
422 471 543 517 Quem
563 470 615 508 sic
636 470 762 508 Pallas
781 471 881 521 petit
900 474 989 509 ante
1009 473 1183 522 precatus
1200 488 1208 510 ε

182 527 204 542 “
218 524 280 561 Da
298 538 410 570 nunc,
431 524 581 574 Thybri
599 526 719 574 pater,
739 524 848 570 ferro,
869 525 974 574 quod
992 525 1133 563 missile
1152 526 1261 571 libro,

183 577 398 614 Fortunam
419 580 533 627 atque
552 577 653 614 viam
674 577 757 614 duri
779 591 845 627 per
863 581 997 628 pectus
1018 578 1165 616 Halesi.

181 630 280 668 Haec
301 645 405 668 arma
424 630 650 680 exuviasque
670 631 741 668 viri
760 634 829 668 tua
853 645 1012 681 quercus
1031 632 1228 670 habebit?

181 684 319 721 Audiit
337 685 403 721 illa
422 684 534 721 deus:
565 684 657 721 dum
675 684 774 721 texit
796 684 956 722 Imaona
975 685 1152 732 Halesus,

181 738 346 775 Arcadio
365 738 495 775 infelix
513 737 592 775 telo
612 738 678 774 dat
698 740 830 788 pectus
849 738 1050 776 inermum.

181 792 238 828 At
257 804 335 828 non
354 791 455 828 caecle
473 791 547 828 viri
565 793 677 829 tanta
696 791 900 841 perterrita
918 792 1079 838 Lausus,

183 844 278 881 Pars
297 845 433 895 ingens
452 845 553 890 belli,
574 844 667 882 sinit
688 845 862 895 agmina:
891 845 1038 895 primus
1057 846 1253 883 Abantem

182 897 415 948 Oppositum
433 898 635 944 interimit,
655 911 795 948 pugnae
814 899 1031 949 nodumque
1051 912 1284 949 moramque.

181 951 377 989 Sternitur
395 951 567 989 Arcadiae
585 952 728 1002 proles:
758 954 984 990 sternuntur
1002 953 1180 1000 Etrusci3

181 1005 238 1042 Et
257 1019 336 1051 vos,
357 1019 378 1043 o
399 1005 524 1042 Graiis
542 1005 747 1055 imperdita
765 1019 932 1055 corpora,
952 1006 1100 1043 Teucri.

181 1059 351 1109 Agmina
371 1062 602 1096 concurrunt
622 1059 854 1109 ducibusque
873 1062 913 1096 et
934 1059 1076 1096 viribus
1095 1059 1224 1109 aequis.

181 1111 360 1149 Extremi
379 1112 588 1149 addensent
608 1112 704 1150 acies
721 1129 729 1149 ε
758 1126 827 1150 nec
846 1113 960 1150 turba
978 1113 1122 1150 moveri

180 1165 273 1203 Tela
291 1179 500 1215 manusque
519 1166 622 1203 sinit.
679 1165 785 1203 Hinc
806 1166 931 1203 Pallas
950 1166 1070 1204 instat
1090 1169 1129 1204 et
1148 1169 1275 1217 urget,

179 1219 286 1257 Hinc
306 1221 440 1257 contra
458 1219 617 1265 Lausus,
637 1232 704 1256 nec
724 1219 891 1256 multum
910 1220 1098 1270 discrepat
1113 1222 1216 1267 aetas,

179 1272 339 1323 Egregii
359 1273 488 1310 formae
504 1289 511 1317 ;
541 1273 606 1310 sed
625 1272 730 1322 queis
749 1272 904 1310 fortuna
922 1275 1081 1323 negarat

180 1325 229 1362 In
249 1326 414 1376 patriam
432 1326 588 1363 reditus.
645 1326 755 1375 Ipsos
775 1339 994 1363 concurrere
1014 1339 1145 1376 passus

178 1379 300 1417 Haud
318 1382 448 1417 tamen
466 1379 567 1416 inter
587 1392 626 1416 se
645 1379 777 1429 magni
795 1382 975 1429 regnator
995 1379 1172 1430 Olympi:

178 1433 276 1470 Mox
294 1433 379 1470 illos
399 1446 468 1470 sua
485 1432 567 1469 fata
585 1435 743 1470 manent
763 1433 904 1483 majore
924 1433 994 1470 sub
1013 1433 1136 1470 hoste.

233 1486 387 1524 Interea
406 1499 511 1523 soror
530 1486 631 1523 alma
649 1488 780 1523 monet
801 1499 1016 1523 succurrere
1037 1486 1163 1523 Lauso

177 2081 364 2126 Turnum,
385 2079 449 2128 qui
469 2078 612 2117 volucri
632 2090 744 2115 curru
763 2076 932 2114 medium
952 2076 1054 2112 secat
1075 2088 1223 2125 agmen.

176 2134 236 2171 Ut
254 2133 352 2170 vidit
373 2133 512 2170 socios:
543 2132 747 2180 “Tempus
768 2130 947 2168 desistere
966 2141 1128 2178 pugnae3

177 2187 289 2225 Solus
309 2200 378 2236 ego
397 2186 437 2222 in
458 2185 635 2222 Pallanta
654 2185 776 2229 fer0r3
805 2183 874 2220 soli
893 2182 989 2219 mihi
1008 2181 1136 2218 Pallas

176 2241 373 2285 Debetur3
402 2252 578 2289 cuperem
596 2238 677 2288 ipse
696 2249 831 2286 parens
851 2236 1066 2286 spectactor
1085 2233 1273 2271 adesset?

176 2295 278 2331 Haec
299 2293 374 2337 ait3
404 2295 443 2330 et
463 2292 553 2330 socii
573 2292 766 2329 cesserunt
786 2302 932 2338 aequore
946 2288 1065 2338 jusso.

175 2349 229 2384 At
244 2346 437 2384 Rutulum
456 2346 643 2390 abscessu,
658 2343 810 2394 juvenis
834 2345 916 2379 tum
929 2341 1037 2391 jussa
1055 2340 1216 2390 superba

176 2401 346 2438 Miratus
366 2402 496 2449 stupet
515 2399 555 2436 in
575 2398 717 2443 Turno,
740 2408 949 2446 corpusque
968 2408 1034 2444 per
1052 2394 1187 2444 ingens

176 2454 344 2491 Lumina
361 2453 494 2497 volvit,
514 2452 671 2500 obitque
691 2449 789 2487 truci
808 2448 941 2499 procul
960 2447 1088 2485 omnia
1105 2447 1213 2491 visu3

178 2508 333 2545 Talibus
354 2509 393 2544 et
413 2506 524 2543 (lictis
543 2506 576 2542 it
597 2506 730 2542 contra
749 2503 853 2540 (licta
870 2501 1049 2551 tyranni:

177 2562 295 2598 “Aut
314 2560 442 2610 spoliis
463 2573 534 2609 ego
548 2559 629 2610 jam
648 2556 767 2607 raptis
787 2555 969 2593 laudabor
987 2553 1135 2603 opimis,

177 2615 259 2652 Aut
273 2614 351 2652 leto
366 2613 518 2664 insigni.
575 2611 678 2649 Sorti
696 2612 805 2661 pater
823 2622 953 2658 aequus
971 2607 1125 2657 utrique
1143 2607 1214 2643 est.
