1705 2744
153 1539 224 1577 SIC
242 1540 344 1578 fatur
361 1539 571 1587 lacrimans,
590 1539 771 1590 classique
788 1539 969 1576 immittit
986 1537 1163 1584 habenas,

153 1593 208 1630 Et
226 1594 383 1631 tandem
401 1594 580 1631 Euboicis
600 1593 808 1630 Cumarum
825 1592 1003 1630 allabitur
1021 1592 1107 1629 oris.

154 1645 371 1684 Obvertunt
388 1647 522 1697 pelago
540 1660 692 1697 proras;
719 1649 806 1683 tum
824 1646 938 1684 dente
955 1645 1082 1682 tenaci

152 1699 304 1737 Ancora
320 1700 505 1737 fundabat
523 1714 649 1746 naves,
669 1702 707 1737 et
725 1700 838 1737 litora
856 1712 979 1737 curvae

151 1751 378 1790 Praetexunt
396 1766 561 1803 puppes3
583 1753 766 1805 juvenum
786 1766 920 1790 manus
940 1751 1076 1789 emieat
1096 1750 1228 1788 ardens

149 1804 263 1843 Litus
282 1806 323 1843 in
342 1806 595 1856 Hesperium3
624 1806 758 1856 quaerit
776 1819 861 1855 pars
881 1805 1024 1843 semina
1041 1805 1206 1841 fiammae

149 1859 339 1897 Abstrusa
356 1860 397 1897 in
414 1860 520 1897 venis
539 1859 652 1897 silicis
667 1876 674 1906 ;
702 1873 788 1910 pars
806 1859 922 1896 densa
938 1858 1102 1896 ferarum

93 1918 97 1925 '
149 1912 269 1950 Tecta
286 1913 398 1963 rapit,
419 1913 543 1960 silvas,
561 1913 790 1963 inventaque
807 1912 965 1949 fiumina
982 1912 1185 1949 monstrat.

148 1966 204 2003 At
223 1965 307 2016 pius
326 1966 468 2004 AEneas
486 1980 599 2013 arces,
619 1966 755 2016 quibus
774 1965 873 2003 altus
892 1965 1030 2016 Apollo

148 2018 345 2065 Praesidet,
364 2020 634 2070 horrendaeque
652 2019 783 2070 procul
801 2020 945 2057 secreta
963 2017 1127 2068 Sibyllae,

147 2072 319 2110 Antrum
336 2073 514 2119 immane,
533 2073 655 2123 petit3
682 2086 863 2123 magnam
881 2071 943 2109 eui
960 2073 1129 2109 mentem
1149 2070 1392 2120 animumque

147 2125 282 2164 Delius
299 2126 460 2177 inspirat
478 2129 597 2174 vates,
617 2126 811 2176 aperitque
829 2126 971 2163 futura.

147 2178 176 2215 J
178 2192 240 2216 am
258 2180 423 2218 subeunt
443 2180 584 2218 Triviae
603 2180 707 2218 lucos
727 2183 841 2230 atque
861 2192 973 2216 aurea
990 2180 1106 2216 tecta.

200 2232 391 2280 Daedalus,
409 2235 455 2271 ut
473 2234 575 2271 fama
593 2235 662 2280 est,
682 2233 832 2284 fugiens
851 2233 1004 2270 Minoia
1021 2244 1150 2282 regna,

148 2284 387 2336 Praepetibus
405 2287 539 2337 pennis
558 2301 670 2324 ausus
690 2300 729 2324 se
748 2287 896 2324 credere
915 2285 1020 2332 coelo,

147 2337 349 2377 Insuetum
366 2353 433 2390 per
449 2340 523 2378 iter
542 2341 683 2391 gelidas
703 2339 830 2378 enavit
849 2340 897 2377 ad
916 2340 1067 2385 Arctos,

148 2390 434 2443 Chalcidicaque
451 2393 545 2431 levis
564 2395 720 2432 tandem
738 2407 849 2444 super
867 2393 1020 2430 adstitit
1039 2404 1133 2429 aree.

147 2442 336 2483 Redditus
354 2447 414 2484 his
432 2447 600 2497 primum
617 2447 728 2485 terris
746 2447 831 2493 tibi,
851 2446 1008 2492 Phoebe,
1028 2443 1190 2483 sacravit

146 2495 369 2549 Remigium
387 2500 542 2546 alarum,
561 2501 763 2551 posuitque
780 2499 963 2537 immania
980 2499 1135 2549 templa.

149 2548 200 2586 In
218 2551 360 2590 foribus
377 2554 499 2591 letum
517 2554 714 2605 Androgei
729 2570 737 2592 ε
765 2555 852 2591 tum
869 2553 1031 2603 pendere
1048 2564 1179 2603 poenas
