1674 2775
620 101 809 128 AENBIDos
829 102 913 129 ΠΒ,
932 102 990 128 11.
1386 95 1424 131 35

1418 96 1436 130 ka(

1441 96 1462 131 C!

188 195 445 247 Conversique
464 196 590 235 oculos
609 197 710 234 inter
729 211 767 235 se
786 199 901 248 atque
921 211 985 234 ora
1003 198 1199 236 tenebant.

189 249 292 287 Tum
310 251 434 287 senior
452 263 672 300 semperque
691 250 785 288 odiis
805 254 844 288 et
864 251 1020 288 crimine
1040 251 1209 289 Drances

189 302 368 340 Infensus
382 304 515 353 juveni
533 304 663 341 Turno
683 304 736 341 sic
755 317 818 341 ore
837 304 1004 341 vicissim

190 355 287 393 Orsa
304 357 441 394 refert:
471 360 492 376 ‘⁶
506 357 539 394 O
559 357 660 394 fama
676 357 823 407 ingens,
843 358 1036 407 ingentior
1055 359 1180 403 armis,

189 409 260 446 Vir
278 409 451 460 Trojane,
471 410 607 460 quibus
627 410 722 447 coelo
741 414 781 448 te
799 411 972 448 laudibus
991 411 1167 461 aequem?

190 462 411 501 Justitiaene
429 464 533 513 prius
552 464 676 508 mirer,
696 464 834 501 belline
852 465 1025 502 laborum
1040 464 1057 502 Ρ

189 515 274 553 Nos
293 529 381 554 vero
401 517 480 554 haec
499 517 663 567 patriam
682 518 783 567 grati
802 518 1004 555 referemus
1024 518 1072 554 ad
1090 518 1246 558 urbem:

190 569 246 606 Et
265 571 316 615 te,
337 570 368 607 si
387 584 461 620 qua
479 571 580 608 viam
600 571 745 608 dederit
764 571 928 617 fortuna,
948 571 1089 608 Latino

190 621 219 659 J
220 636 408 673 ungemus
426 624 519 674 regi.
576 624 730 670 Quaerat
749 624 820 662 sibi
838 625 979 662 foedera
998 624 1161 661 Turnus.

191 676 295 722 Quin
315 679 354 713 et
374 677 506 714 fatales
525 691 722 714 murorum
741 678 895 715 atollere
914 678 1044 723 moles,

192 729 363 779 Saxaque
383 731 604 768 subvectare
622 731 790 768 humeris
810 731 974 781 Trojana
986 731 1179 781 juvabit.”

192 782 354 820 Dixerat
373 783 468 829 haec,
487 797 638 834 unoque
658 797 787 821 omnes
807 784 938 822 eadem
958 798 1020 821 ore
1038 784 1264 821 fremebant.

193 835 262 873 Bis
281 849 390 874 senos
408 837 583 888 pepigere
603 837 693 883 dies,
713 840 752 874 et
770 851 860 888 pace
879 840 1073 887 sequestra

193 889 268 926 Per
286 890 399 927 silvas
419 890 566 937 Teucri,
586 890 771 940 mixtique
789 891 945 940 impune
964 890 1107 936 Latini,

190 942 377 981 Erravere
390 944 507 994 jugis.
564 944 682 981 Ferro
702 947 813 981 sonat
831 945 908 981 icta
925 944 1080 994 bipenni

190 995 402 1043 Fraxinus3
431 1000 610 1035 evertunt
630 1000 733 1035 actas
753 998 800 1035 ad
820 998 941 1035 sidera
959 997 1070 1048 pinus
1086 1014 1093 1041 3

190 1048 346 1087 Robora
363 1064 432 1088 nec
451 1051 578 1088 cuneis
598 1053 638 1088 et
657 1051 825 1088 olentem
843 1051 1011 1089 scindere
1031 1051 1195 1088 cedrum.

189 1102 274 1140 Nec
293 1103 473 1153 plaustris
493 1106 641 1141 cessant
659 1107 810 1142 vectare
828 1104 1069 1155 gementibus
1089 1117 1212 1142 ornos.

243 1157 299 1193 Et
312 1157 394 1207 jam
414 1157 535 1195 Fama
553 1158 696 1203 volans,
715 1158 817 1195 tanti
836 1158 1053 1208 praenuncia
1070 1158 1208 1203 luctus,

189 1209 417 1247 Evandrum
436 1211 679 1260 Evandrique
699 1212 830 1249 domos
851 1213 889 1249 et
908 1211 1049 1248 moenia
1068 1211 1245 1262 complet,

191 1263 285 1309 Quae
303 1264 416 1301 modo
435 1264 620 1301 victorem
639 1264 753 1302 Latio
774 1265 950 1302 Pallanta
968 1265 1125 1302 ferebat.

188 1317 357 1354 Arcades
377 1317 425 1354 ad
442 1320 571 1367 portas
590 1331 709 1365 ruere,
729 1320 768 1355 et
788 1318 833 1355 de
852 1332 957 1355 more
975 1320 1129 1356 vetusto

190 1369 382 1407 Funereas
401 1384 557 1420 rapuere
576 1371 686 1408 faces.
743 1371 866 1409 Lucet
885 1372 946 1408 via
964 1372 1079 1422 longo

189 1423 333 1461 Ordine
347 1424 599 1471 flammarum,
619 1428 658 1462 et
677 1425 755 1463 late
774 1425 1012 1463 discriminat
1031 1438 1155 1475 agros.

189 1476 336 1514 Contra
354 1478 469 1515 turba
487 1477 690 1528 Phrygum
709 1479 863 1516 veniens
882 1479 1103 1529 plangentia
1116 1479 1288 1529 jungunt

188 1530 370 1581 Agmina.
427 1531 518 1577 Quae
536 1535 740 1581 postquam
759 1534 900 1570 matres
919 1532 1115 1569 succedere
1133 1531 1248 1568 tectis

189 1582 392 1629 Viderunt,
412 1586 585 1621 maestam
602 1585 813 1622 incendunt
832 1585 1057 1623 clamoribus
1077 1585 1222 1622 urbem.

189 1637 246 1673 At
265 1650 343 1674 non
363 1638 587 1675 Evandrum
605 1638 706 1688 potis
725 1642 784 1676 est
802 1639 859 1676 vis
879 1639 956 1676 ulla
973 1642 1124 1684 tenere3

190 1689 264 1726 Sed
283 1690 390 1727 venit
409 1691 448 1727 in
467 1691 622 1729 medios.
678 1692 836 1729 Feretro
857 1692 1033 1729 Pallanta
1050 1693 1202 1741 reposto

190 1742 402 1781 Procubuit
421 1758 543 1794 super,
563 1748 677 1794 atque
695 1746 814 1783 haeret
828 1746 1103 1795 lacrimansque
1122 1757 1361 1795 gemensque,

190 1796 247 1833 Et
266 1797 328 1834 via
345 1797 410 1834 vix
427 1798 584 1835 tandem
602 1799 686 1836 voci
703 1799 830 1836 laxata
848 1799 976 1837 dolore
996 1802 1053 1836 est
1071 1815 1078 1835 :

189 1852 210 1868 ‘⁶
224 1850 316 1887 Non
335 1850 427 1896 haec,
447 1864 469 1888 o
490 1851 606 1898 Palla,
627 1852 781 1890 dederas
800 1852 984 1902 promissa
1001 1852 1162 1902 parenti.

190 1902 351 1940 Cautius
370 1906 415 1941 ut
435 1918 537 1942 saevo
556 1906 669 1943 velles
688 1909 727 1943 te
747 1906 895 1943 eredere
914 1905 1057 1943 Marti!

189 1956 310 1994 Haud
328 1957 483 2007 ignarus
503 1972 616 2005 eram,
637 1962 823 2008 quantum
842 1972 941 1996 nova
959 1959 1081 2009 gloria
1097 1959 1138 1995 in
1157 1958 1282 2004 armis,

189 2009 246 2047 Et
265 2011 453 2060 praedulce
472 2012 584 2049 decus
603 2012 725 2062 primo
744 2013 950 2050 certamine
968 2015 1107 2062 posset.

189 2062 381 2101 Primitiae
395 2065 546 2115 juvenis
565 2066 730 2103 miserae!
759 2066 921 2116 bellique
940 2066 1142 2116 propinqui

189 2116 299 2154 Dura
317 2118 555 2156 rudimenta!
585 2121 624 2157 et
643 2119 739 2156 nulli
758 2120 935 2157 exaudita
953 2119 1111 2157 deorum

189 2169 294 2208 Vota
310 2185 512 2221 precesque
531 2173 645 2210 meae!
674 2175 804 2223 tuque,
824 2187 846 2211 o
865 2173 1103 2211 sanctissima
1121 2172 1269 2222 conjux,

189 2222 301 2261 Felix
319 2228 443 2262 morte
462 2228 541 2272 tua,
560 2239 682 2276 neque
699 2227 738 2263 in
759 2227 861 2264 hunc
880 2230 1029 2264 servata
1048 2227 1237 2264 dolorem!

189 2276 335 2315 Contra
353 2291 424 2329 ego
442 2278 604 2317 vivendo
623 2280 698 2317 vici
715 2293 800 2318 mea
817 2281 907 2326 fata,
927 2283 1117 2330 superstes

189 2329 392 2369 Restarem
411 2335 456 2369 ut
476 2333 639 2382 genitor.
695 2334 839 2371 Troum
860 2334 960 2371 socia
979 2347 1082 2371 arma
1101 2335 1276 2371 secutum

190 2382 406 2422 Obruerent
425 2386 566 2423 Rutuli
583 2387 691 2424 telis!
721 2388 887 2424 animam
905 2387 985 2437 ipse
1003 2388 1200 2432 dedissem,

189 2435 321 2486 Atque
339 2437 419 2475 haec
437 2452 577 2489 pompa
596 2441 752 2478 domum
770 2454 844 2487 me,
862 2455 941 2478 non
961 2441 1148 2487 Pallanta,
1167 2438 1344 2478 referret!

189 2488 274 2527 Nec
294 2503 362 2528 vos
382 2493 584 2541 arguerim,
605 2494 754 2539 Teucri,
773 2508 842 2531 nec
861 2494 1013 2540 foedera,
1032 2507 1101 2531 nec
1121 2507 1213 2544 quas

190 2541 219 2579 J
221 2543 401 2581 unximus
419 2545 587 2595 hospitio
606 2547 780 2593 dextras3
809 2561 889 2585 sors
907 2547 982 2584 ista
1001 2549 1161 2585 senectae

190 2594 336 2634 Debita
355 2600 437 2635 erat
455 2602 608 2637 nostrae.
666 2601 777 2647 Quod
795 2601 827 2638 si
845 2601 1054 2639 immatura
1070 2600 1248 2638 manebat
