1674 2775
264 100 343 137 286
664 111 700 138 P.
720 110 908 137 vnmrmr
936 111 1125 139 MARONIS

263 204 422 242 Ferrum
445 206 582 242 acuant
601 205 722 254 portis
740 205 780 242 in
799 219 860 243 me
879 206 1139 257 excidiumque
1159 209 1369 247 meorum.”

259 257 444 303 Dixerat3
472 261 511 295 et
530 258 648 295 niveis
668 259 756 296 hinc
777 262 890 308 atque
909 259 997 297 hinc
1017 260 1104 297 diva
1122 261 1270 299 lacertis

262 310 520 348 Cunctantem
539 311 714 360 amplexu
732 312 837 349 molli
857 313 971 350 fovet.
1028 313 1100 351 Ille
1119 318 1273 364 repente

260 364 422 414 Accepit
443 364 593 401 solitam
613 364 802 402 flammam
820 382 827 411 ;
856 370 1044 416 notusque
1064 367 1245 405 medullas

262 416 431 454 Intravit
451 418 561 463 calor,
581 420 619 454 et
639 418 823 455 labefacta
841 432 906 468 per
925 432 1008 456 ossa
1027 421 1213 458 cucurrit:

259 470 352 507 Non
372 484 477 508 secus
497 474 610 520 atque
630 471 731 516 olim,
751 472 900 508 tonitru
920 485 1036 522 quum
1056 476 1169 523 rupta
1188 488 1342 512 corusco

260 523 381 573 Ignea
400 524 496 560 rima
514 523 658 560 micans
677 525 862 574 percurrit
881 525 1024 562 lumine
1042 526 1203 564 nimbos.

260 576 387 614 Sensit
405 577 493 614 laeta
512 577 607 614 dolis
627 580 665 614 et
687 578 814 614 formae
834 578 982 615 conscia
1000 579 1148 629 conjux.

259 629 361 667 Tum
380 632 488 679 pater
508 633 651 667 aeterno
670 631 773 667 fatur
792 631 990 668 devinctus
1010 645 1135 670 amore
1152 649 1160 670 z

259 686 281 702 ⁸‘
295 682 396 729 Quid
416 696 544 720 causas
563 683 661 733 petis
681 698 725 720 ex
745 684 854 721 alto?
885 684 1021 722 fiducia
1041 685 1153 722 cessit

259 736 343 782 Quo
363 736 446 781 tibi,
467 736 563 781 diva,
582 736 688 774 mei?
719 737 859 774 Similis
879 737 911 774 si
930 751 1019 775 cura
1039 738 1183 785 fuisset,

258 788 360 826 Tum
380 803 527 839 quoque
546 790 601 826 sas
620 790 728 827 nobis
749 790 912 828 Teucros
932 804 1076 828 armare
1097 792 1250 837 fuisset3

258 841 342 879 Nec
363 842 479 880 Pater
498 843 737 892 omnipotens
758 843 790 880 T
793 844 923 894 rojam,
943 858 1011 881 nec
1030 844 1108 882 fata
1127 846 1308 883 vetabant

259 895 379 941 Stare,
400 896 603 946 decemque
623 896 713 934 alios
735 896 930 934 Priamum
949 911 1140 947 superesse
1159 912 1225 948 per
1243 912 1373 936 annos.

257 948 314 985 Et
334 962 446 994 nunc,
467 949 498 986 si
516 950 655 987 bellare
675 963 794 1000 paras,
815 953 929 1000 atque
948 951 1028 988 haec
1047 951 1120 988 tibi
1138 965 1245 989 mens
1264 955 1334 999 est,

257 1001 425 1052 Quiquid
443 1002 483 1039 in
502 1005 582 1040 arte
601 1016 685 1040 mea
704 1017 856 1053 possum
877 1004 1098 1053 promittere
1117 1018 1227 1052 curae,

257 1055 369 1101 Quod
387 1056 467 1093 fieri
487 1056 584 1093 ferro
603 1056 792 1105 liquidove
811 1059 939 1107 potest
959 1057 1110 1103 electro,

257 1108 455 1154 Quantum
474 1109 581 1159 ignes
601 1110 809 1159 animaeque
829 1110 978 1155 valent,
1007 1111 1146 1148 absiste
1166 1111 1353 1161 precando

255 1160 410 1199 Viribus
429 1162 644 1200 indubitare
662 1163 779 1200 ‘nuiss’
837 1163 896 1200 Ea
914 1164 1027 1201 verba
1045 1164 1194 1201 locutus

257 1214 422 1264 Optatos
442 1216 546 1253 dedit
566 1216 769 1266 amplexus,
788 1216 1051 1266 placidumque
1071 1217 1208 1266 petivit

257 1267 440 1319 Conjugis
461 1268 606 1306 infusus
625 1269 770 1319 gremio
789 1283 855 1319 per
874 1271 1044 1307 membra
1063 1283 1246 1319 soporem.

311 1321 408 1358 Inde
426 1322 492 1359 ubi
511 1322 632 1372 prima
651 1322 755 1372 quies
776 1323 899 1360 medio
913 1323 993 1373 jam
1013 1324 1136 1360 noctis
1156 1324 1300 1360 abactae

257 1373 455 1412 Curriculo
475 1375 667 1425 expulerat
687 1389 861 1412 somnum
878 1392 885 1421 ;
914 1389 1031 1425 quum
1051 1376 1191 1413 femina
1208 1377 1385 1426 primum,

257 1427 330 1464 Cui
349 1428 508 1465 tolerare
528 1429 609 1466 colo
628 1428 748 1465 vitam
766 1429 948 1478 tenuique
969 1428 1145 1466 Minerva

256 1479 500 1530 Impositum,
521 1482 683 1519 cinerem
702 1484 741 1519 et
761 1482 903 1531 sopitos
923 1482 1082 1519 suscitat
1102 1482 1208 1532 ignes

255 1532 424 1571 Noctem
444 1534 584 1571 addens
604 1535 728 1584 operi3
756 1535 989 1584 famulasque
1009 1535 1055 1571 ad
1074 1535 1220 1572 lumina
1237 1535 1353 1585 longo

255 1586 420 1624 Exercet
439 1601 566 1637 penso,
587 1590 734 1625 castum
754 1591 798 1624 ut
818 1601 964 1625 servare
984 1587 1104 1625 cubile

255 1639 450 1690 Conjugis,
471 1643 510 1677 et
528 1641 648 1690 possit
668 1654 801 1690 parvos
821 1641 976 1678 educere
995 1643 1127 1678 natos:

255 1692 373 1730 Haud
395 1707 500 1731 secus
519 1694 737 1744 ignipotens
756 1707 823 1731 nec
843 1697 1013 1742 tempore
1033 1694 1183 1743 segnior
1202 1693 1266 1731 illo

255 1745 440 1783 Mollibus
460 1760 479 1784 e
499 1749 629 1784 stratis
650 1760 762 1796 opera
780 1747 827 1784 ad
847 1747 993 1784 fabrilia
1012 1747 1148 1797 surgit.

254 1798 389 1836 Insula
407 1800 599 1837 Sicanium
612 1802 726 1850 juxta
743 1800 844 1837 latus
864 1800 1102 1850 AEoliamque

255 1852 432 1903 Erigitur
451 1853 626 1903 Liparen,
646 1854 881 1890 fumantibus
902 1854 1017 1890 ardua
1035 1853 1155 1890 saxis:

255 1906 379 1952 Quam
400 1906 530 1943 subter
550 1920 681 1956 specus
701 1910 739 1944 et
760 1906 969 1956 Cyclopum
991 1920 1099 1944 exesa
1117 1906 1273 1943 caminis

254 1960 381 1996 Antra
400 1959 551 1996 AEtnaea
569 1962 719 2005 tonant,
739 1960 927 2010 validique
947 1960 1145 1997 incudibus
1164 1959 1263 1996 ictus

255 2012 391 2048 Auditi
410 2013 578 2050 referunt
597 2013 796 2063 gemitum,
817 2013 1059 2063 striduntque
1079 2013 1246 2050 cavernis

255 2064 453 2102 Stricturae
473 2065 701 2116 Chalybum,
721 2069 760 2103 et
779 2066 991 2103 fornacibus
1011 2066 1110 2115 ignis
1130 2065 1305 2111 anhelat3

253 2117 416 2155 Vulcani
435 2118 580 2163 domus,
599 2122 638 2156 et
658 2119 841 2156 Vulcania
859 2119 1010 2156 nomine
1029 2119 1154 2155 tellus.

254 2170 343 2208 Hoc
362 2174 455 2208 tunc
474 2171 690 2221 ignipotens
710 2172 803 2209 coelo
824 2172 1016 2209 descendit
1036 2172 1082 2208 ab
1102 2171 1191 2208 alto.

254 2223 416 2261 Ferrum
436 2225 659 2262 exercebant
679 2228 786 2262 vasto
807 2224 990 2274 Cyclopes
1010 2224 1049 2260 in
1069 2227 1190 2269 antro,

254 2277 506 2327 Brontesque,
526 2277 786 2327 Steropesque,
806 2283 845 2314 et
865 2278 988 2314 nudus
1008 2277 1178 2314 membra
1198 2276 1424 2326 Pyracmon.

255 2330 331 2367 His
349 2331 596 2368 informatum
616 2331 790 2368 manibus
812 2330 886 2380 jam
910 2333 1014 2380 parte
1034 2330 1153 2380 polita

254 2383 418 2421 Fulmen
438 2387 518 2421 erat
536 2401 544 2430 ;
571 2387 657 2422 toto
677 2383 827 2434 genitor
847 2397 931 2433 quae
952 2383 1114 2433 plurima
1133 2382 1226 2420 coelo

254 2436 397 2486 Dejicit
416 2437 455 2474 in
474 2439 615 2483 terras,
643 2451 728 2487 pars
747 2437 967 2486 imperfecta
988 2437 1176 2473 manebat.

253 2489 346 2527 Tres
365 2490 497 2528 imbris
515 2491 609 2528 torti
629 2491 764 2535 radios,
783 2493 860 2527 tres
880 2490 990 2527 nubis
1011 2503 1161 2540 aquosae

252 2543 503 2589 Addiderant,
522 2544 628 2581 rutili
647 2546 724 2580 tres
747 2543 847 2594 ignis
867 2547 906 2580 et
925 2543 1026 2580 alitis
1046 2542 1177 2580 austri.

253 2595 438 2646 Fulgores
458 2610 558 2634 nunc
577 2597 783 2644 horrificos,
803 2596 1057 2647 sonitumque,
1077 2599 1300 2645 metumque
