1674 2775
234 96 312 133 314
643 107 678 133 1².
698 106 885 133 VIRGILII
904 106 1093 133 MARoms

235 199 411 250 Amplius
431 199 588 237 audaces
610 200 757 247 Rutuli,
777 202 843 238 sed
860 202 995 251 pellere
1014 201 1113 239 vallo

234 253 447 290 Missilibus
467 255 627 290 certant.

236 306 352 344 Parte
372 306 444 343 alia
462 306 670 343 horrendus
689 307 773 344 visu
792 307 994 357 quassabat
1014 308 1218 345 Etruscam

235 359 388 406 Pinum,
409 362 448 396 et
468 360 660 397 fumiferos
680 360 795 398 infert
816 361 1030 398 Mezentius
1051 361 1178 411 ignes3

235 413 291 450 At
312 413 510 462 Messapus
531 426 669 462 equum
688 413 864 459 domitor,
886 414 1082 463 Neptunia
1100 415 1233 464 proles,

236 465 436 504 Rescindit
456 466 608 512 vallum,
628 469 666 504 et
686 467 801 503 scalas
816 467 855 503 in
875 467 1013 503 moenia
1031 468 1163 516 poscit.

288 519 378 564 Vos,
399 533 419 556 o
441 518 617 569 Calliope,
637 533 778 569 precor,
798 520 960 569 aspirate
979 521 1140 566 canenti,

236 572 338 618 Quas
358 572 411 609 ibi
429 574 521 609 tunc
536 572 632 610 ferro
653 575 809 623 strages,
830 587 912 622 quae
933 573 1062 610 funera
1081 574 1232 611 Turnus

236 625 423 671 Ediderit,
445 639 555 675 quem
576 626 732 675 quisque
751 626 874 663 virum
894 626 1086 664 demiserit
1106 627 1203 664 Orco
1219 643 1226 673 ;

236 678 292 715 Et
312 692 460 716 mecum
479 678 653 728 ingentes
674 693 755 716 oras
776 679 939 716 evolvite
957 679 1056 716 belli.

240 732 314 782 [Et
333 732 559 769 meministis
580 733 691 778 enim,
712 733 818 778 divae,
839 736 877 769 et
896 746 1102 770 memorare
1121 732 1312 783 potestis]

290 785 421 822 Turris
441 788 521 832 erat
540 788 648 823 vasto
668 788 846 835 suspectu
864 788 902 823 et
921 786 1101 836 pontibus
1121 786 1220 833 altis,

237 838 462 888 Opportuna
479 839 583 884 loco;
612 839 769 876 summis
789 853 901 889 quam
920 839 1062 876 viribus
1083 853 1212 876 omnes

235 891 468 941 Expugnare
488 892 590 937 Itali,
610 905 830 941 summaque
849 895 1014 930 evertere
1034 906 1149 943 opum
1167 893 1205 930 vi

237 944 467 982 Certabant:
497 945 616 982 Troes
636 948 768 983 contra
787 946 982 983 defendere
1002 946 1111 992 saxis,

237 997 384 1048 Perque
404 1011 512 1036 cavas
531 999 637 1036 densi
655 999 732 1036 tela
749 999 965 1049 intorquere
984 999 1179 1036 fenestras.

237 1051 417 1101 Princeps
437 1051 633 1089 ardentem
652 1052 811 1102 conjecit
830 1052 1004 1101 lampada
1023 1052 1186 1098 Turnus,

236 1104 293 1141 Et
311 1104 504 1142 flammam
523 1106 642 1142 affixit
661 1105 792 1151 lateri3
821 1119 906 1155 quae
926 1105 1088 1155 plurima
1105 1108 1220 1143 vento

237 1157 430 1208 Corripuit
449 1159 609 1204 tabulas,
629 1161 668 1196 et
686 1159 858 1208 postibus
877 1158 987 1196 haesit
1006 1159 1138 1196 adesis.

238 1211 398 1248 Turbati
416 1212 604 1262 trepidare
623 1212 739 1258 intus,
759 1212 972 1262 frustraque
991 1212 1177 1249 malorum

238 1264 344 1302 Velle
363 1265 505 1315 fugam.
561 1265 667 1302 Dum
687 1279 725 1303 se
743 1265 968 1315 glomerant,
987 1268 1162 1315 retroque
1181 1264 1353 1302 residunt

236 1317 287 1354 In
305 1320 454 1368 partem
473 1331 556 1368 quae
575 1321 680 1368 peste
700 1322 813 1364 caret,
832 1321 916 1355 tum
936 1318 1099 1368 pondere
1118 1318 1234 1355 turris

236 1370 447 1409 Procubuit
467 1371 605 1418 subito,
626 1374 664 1409 et
684 1372 820 1409 coelum
839 1374 950 1409 tonat
970 1385 1080 1408 omne
1099 1372 1258 1422 fragore.

237 1424 447 1462 Semineces
467 1425 514 1461 ad
532 1427 684 1471 terram,
703 1425 861 1462 immani
879 1425 976 1462 mole
996 1426 1134 1472 secuta,

237 1477 460 1526 Confixique
479 1478 554 1514 suis
573 1478 660 1515 telis
680 1480 719 1515 et
738 1480 891 1527 pectora
909 1478 1002 1514 duro

236 1530 450 1568 Transfossi
468 1530 573 1580 ligno
592 1530 764 1568 veniunt.
817 1530 893 1567 Vix
911 1544 1008 1567 unus
1027 1530 1209 1577 Helenor,

235 1584 292 1621 Et
312 1584 439 1634 Lycus
459 1584 595 1634 elapsi3
624 1597 784 1634 quorum
802 1583 1002 1633 primaevus
1023 1583 1202 1630 Helenor,

235 1637 405 1675 Maeonio
425 1637 505 1688 regi
528 1650 639 1687 quem
660 1651 766 1674 serva
785 1636 984 1687 Licymnia
1002 1636 1135 1673 furtim

236 1690 463 1737 Sustulerat,
482 1690 687 1740 vetitisque
706 1691 754 1727 ad
772 1690 923 1740 Trojam
943 1690 1097 1727 miserat
1116 1689 1239 1736 armis,

234 1743 339 1781 Ense
357 1744 450 1781 levis
470 1744 583 1789 nudo,
602 1757 806 1793 parmaque
824 1743 1007 1792 inglorius
1027 1743 1122 1780 alba.

236 1796 352 1847 Isque
372 1798 437 1834 ubi
457 1811 495 1834 se
515 1797 636 1834 Turni
648 1797 778 1834 media
796 1797 897 1834 inter
914 1797 1034 1833 millia
1051 1796 1161 1842 vidit,

236 1850 341 1888 Hinc
361 1851 468 1896 acies,
488 1853 601 1900 atque
620 1850 709 1887 hinc
729 1850 824 1887 acies
844 1850 992 1887 adstare
1011 1849 1190 1896 Latinas3

236 1903 296 1940 Ut
315 1904 402 1950 fera,
423 1917 504 1953 quae
524 1904 640 1940 densa
657 1906 865 1941 venantum
887 1906 995 1953 septa
1013 1916 1150 1940 corona

237 1955 382 1994 Contra
399 1957 477 1994 tela
495 1956 599 2002 furit,
620 1970 772 2006 seseque
791 1957 895 1993 haud
912 1957 1038 1993 nescia
1056 1956 1173 1994 morti

236 2009 381 2060 Injicit,
401 2012 440 2047 et
460 2010 560 2047 saltu
579 2023 692 2059 supra
709 2009 895 2047 venabula
913 2010 1054 2047 fertur:

236 2062 357 2100 Haud
375 2063 485 2100 aliter
499 2063 647 2113 juvenis
667 2063 810 2100 medios
830 2063 1036 2100 moriturus
1054 2062 1096 2099 in
1114 2061 1244 2099 hostes

237 2115 381 2161 Irruit3
410 2118 460 2162 et,
481 2129 554 2165 qua
572 2116 649 2153 tela
667 2116 771 2153 videt
791 2116 1021 2161 densissima,
1040 2115 1178 2153 tendit.

234 2169 291 2206 At
309 2169 466 2219 pedibus
485 2169 597 2219 longe
617 2169 748 2206 melior
768 2169 895 2219 Lycus
914 2169 1015 2205 inter
1034 2171 1072 2205 et
1092 2167 1234 2211 hosteS,

236 2222 347 2260 Inter
366 2225 405 2259 et
425 2235 539 2268 arma,
558 2223 650 2272 suga
667 2235 794 2259 muros
813 2224 931 2267 tenet,
951 2222 1100 2270 altaque
1120 2222 1240 2257 certat

238 2275 427 2313 Prendere
445 2278 550 2313 tecta
567 2289 694 2321 manu,
714 2275 930 2324 sociumque
949 2275 1138 2324 attingere
1157 2273 1320 2310 dextras.

238 2329 361 2375 Quem
380 2329 544 2374 Turnus,
563 2329 704 2378 pariter
723 2341 835 2365 cursu
853 2328 1004 2376 teloque
1024 2329 1187 2372 secutus,

237 2381 417 2432 Increpat
435 2382 495 2419 his
514 2382 636 2419 victor
653 2398 660 2419 ;
690 2385 710 2400 “
727 2381 939 2418 Nostrasne
958 2380 1124 2426 evadere,
1145 2379 1309 2425 demens,

237 2435 404 2485 Sperasti
424 2438 463 2472 te
482 2448 590 2486 posse
609 2434 775 2472 manus?
791 2435 813 2449 ”
844 2433 957 2471 simul
976 2433 1109 2483 arripit
1129 2433 1256 2482 ipsum

238 2488 487 2535 Pendentem,
507 2491 545 2525 et
564 2502 704 2538 magna
721 2487 820 2525 muri
839 2501 925 2525 cum
944 2490 1051 2537 parte
1070 2486 1217 2523 revellit
1233 2502 1241 2522 z

239 2541 368 2587 Qualis
387 2542 453 2579 ubi
472 2545 539 2579 aut
558 2542 734 2592 leporem,
754 2543 821 2578 aut
841 2540 1017 2578 candenti
1036 2552 1188 2589 corpore
1207 2552 1382 2585 cycnum,

238 2594 403 2632 Sustulit
423 2595 501 2633 alta
518 2598 650 2646 petens
670 2595 827 2646 pedibus
848 2594 875 2631 J
878 2593 957 2631 ovis
977 2593 1140 2643 armiger
1158 2592 1289 2638 uncis3
