1705 2744
276 104 353 141 242
684 111 719 138 Ρ.
739 110 927 138 vinoun
946 108 1134 137 MAnoms

276 208 454 258 Agmina.
510 206 633 253 Quem
645 205 758 257 juxta
776 205 945 256 sequitur
957 203 1164 255 jactantior
1183 203 1323 249 Ancus,

275 261 391 298 'Nunc
411 273 558 311 quoquc
571 259 653 310 jam
671 259 832 296 nimium
849 258 1018 309 gaudens
1036 256 1279 308 popularibus
1299 255 1409 293 auris.

280 1365 348 1402 Vis
368 1367 406 1402 et
426 1365 650 1415 Tarquinios
669 1378 786 1415 reges,
806 1364 1043 1413 animamque
1063 1363 1260 1413 superbam

279 1418 427 1455 Ultoris
446 1418 572 1464 Bruti,
591 1418 781 1467 fascesque
799 1417 925 1454 videre
943 1419 1112 1466 receptos
1127 1415 1145 1454 P

280 1471 454 1508 Consulis
472 1471 673 1521 imperium
691 1471 753 1508 hic
771 1470 914 1520 primus
934 1482 1127 1519 saevasque
1146 1483 1291 1507 secures

278 1524 473 1574 Accipiet;
505 1526 689 1574 natosque
707 1526 826 1573 pater,
843 1536 942 1560 nova
958 1522 1056 1559 bella
1074 1524 1282 1568 moventes,

278 1577 342 1614 Ad
360 1590 511 1627 poenam
529 1577 687 1627 pulchra
703 1590 770 1626 pro
788 1576 963 1613 libertate
980 1575 1143 1621 vocabit,

279 1630 438 1667 Infelix!
468 1630 688 1680 Utcumque
707 1629 828 1667 ferent
847 1642 890 1666 ea
906 1628 1008 1665 facta
1024 1627 1208 1665 minores:

301 1683 419 1720 'incet
438 1696 542 1720 amor
560 1682 692 1733 patriae
710 1682 940 1731 laudumque
958 1681 1142 1718 immensa
1160 1679 1306 1730 cupido.

279 1736 381 1782 Quin
401 1736 549 1782 Decios,
569 1736 789 1785 Drusosque
807 1734 948 1785 procul,
968 1747 1181 1784 saevumque
1199 1732 1320 1770 securi

280 1789 417 1839 Aspice
436 1789 686 1839 Torquatum,
705 1791 744 1826 et
763 1788 987 1826 referentem
1006 1787 1116 1837 signa
1134 1785 1348 1823 Camfflum.

280 1842 362 1879 Illae
383 1844 523 1888 autem,
541 1842 693 1892 paribus
713 1854 804 1891 quas
823 1840 967 1890 fulgere
986 1840 1105 1878 cernis
1123 1839 1164 1877 in
1182 1839 1307 1885 armis,

280 1895 492 1932 Concordes
513 1895 647 1932 animae
664 1907 777 1940 nunc,
796 1896 835 1931 et
855 1894 946 1930 dum
963 1894 1075 1930 nocte
1094 1894 1324 1943 prementur,

281 1947 373 1985 Heu
391 1950 579 1998 quantum
596 1947 697 1985 inter
716 1961 754 1984 se
772 1946 927 1992 bellum,
947 1945 979 1983 si
996 1945 1141 1982 lumina
1158 1945 1248 1982 vitae

281 2001 509 2050 Attigerint,
529 2003 689 2050 quantas
709 2000 804 2037 acies
823 2001 1064 2049 stragemque
1083 1998 1257 2036 ciebunt!

280 2053 498 2103 Aggeribus
518 2066 621 2090 socer
639 2053 789 2103 Alpinis
808 2054 922 2101 atque
941 2065 1023 2089 arce
1042 2051 1211 2088 Monoeci

282 2106 545 2152 Descenden53
573 2119 688 2155 gener
706 2105 869 2142 adversis
888 2104 1098 2141 instructus
1118 2104 1223 2140 Eois.

281 2159 354 2205 Ne,
374 2159 491 2209 pueri,
510 2171 558 2196 ne
575 2161 687 2195 tanta
705 2157 838 2194 animis
858 2156 1060 2194 assuescite
1077 2155 1197 2201 bella;

281 2212 371 2249 Neu
389 2212 520 2262 patriae
539 2211 680 2248 validas
699 2210 738 2248 in
757 2210 899 2248 viscera
916 2209 1054 2246 vertite
1073 2208 1180 2245 vires.

282 2265 416 2314 Tuque
434 2265 547 2315 prior,
565 2267 611 2301 tu
628 2277 749 2314 parce,
768 2276 887 2313 genus
907 2262 972 2312 qui
990 2261 1094 2299 ducis
1115 2260 1300 2311 Olympo3

284 2317 429 2368 Projice
447 2318 525 2355 tela
542 2330 670 2363 manu,
689 2316 842 2366 sanguis
861 2329 977 2352 meus.

283 2370 355 2408 Ille
373 2371 611 2420 triumphata
630 2369 817 2419 Capitolia
835 2369 883 2406 ad
901 2368 978 2405 alta
997 2366 1182 2405 Corintho

282 2424 416 2461 Victor
435 2426 523 2474 aget
542 2436 705 2469 currum,
725 2422 827 2460 caesis
846 2421 1004 2471 insignis
1023 2419 1191 2457 Achivis.

283 2477 406 2514 Eruet
425 2476 488 2514 isse
507 2477 645 2527 Argos,
664 2474 1058 2526 Agamemnoniasque
1077 2472 1274 2523 Bchenas‚

282 2529 492 2580 Ipsumque
512 2529 704 2575 AEaeiden‚
723 2542 841 2579 genus
860 2526 1122 2577 armipotentis
1142 2524 1304 2569 Aehilli3

284 2583 402 2620 Ultus
424 2596 511 2620 avos
531 2582 663 2633 Trojae,
683 2582 825 2632 templa
844 2583 883 2619 et
901 2582 1087 2619 temerata
1104 2578 1302 2616 Minervae.
