1705 2744
664 91 855 119 AENEIDOS
875 91 957 118 LIB.
980 92 1037 119 IV.

213 186 476 225 Consternunt
495 188 638 225 terram
657 200 837 225 concusso
857 187 989 238 stipite
1008 188 1181 227 frondes:

211 240 303 290 Ipsa
320 240 441 278 haeret
461 240 637 290 scopulis,
657 243 707 288 et,
728 243 915 290 quantum
933 241 1074 279 vertice
1093 242 1141 279 ad
1160 256 1269 280 auras

212 293 417 340 AEtherias,
437 296 592 331 tantum
610 293 733 331 radice
751 294 791 331 in
811 294 971 331 Tartara
987 295 1136 333 tendit:

213 346 332 384 Haud
351 360 455 384 secus
475 347 633 384 assiduis
651 346 741 385 hine
760 349 874 396 atque
892 347 982 384 hinc
1001 348 1156 386 vocibus
1175 348 1285 387 heros

213 400 417 447 Tundjtur,
437 402 476 437 et
494 414 634 451 magno
652 400 839 450 persentit
856 402 1008 451 pectore
1027 415 1134 439 curas
1151 418 1158 439 :

212 453 326 490 Mens
345 453 506 491 immota
523 455 674 499 manet3
702 453 867 491 lacrimae
885 453 1093 492 volvuntur
1112 455 1255 493 inanes.

266 506 368 543 Tum
387 520 475 544 vero
493 506 625 544 infelix
642 507 733 544 fatis
752 507 935 545 exterrita
952 507 1056 545 Dido

213 559 382 597 Mortem
401 562 506 607 orat3
533 560 652 598 taedet
672 560 756 598 coeli
774 573 940 598 convexa
956 561 1068 598 tueri.

214 613 298 659 Quo
317 613 439 664 magis
457 614 653 664 inceptum
670 616 839 664 peragat,
858 614 1056 664 lucemque
1073 614 1274 664 relinquat,
1314 663 1317 666 y

212 665 333 713 Vidit,
352 666 595 705 thuricremis
615 681 733 716 quum
752 667 850 704 dona
867 667 1078 717 imponeret
1098 668 1182 715 aris,

212 719 461 757 Horrendum
480 720 597 767 dictu,
615 720 747 758 latices
766 720 977 770 nigrescere
996 734 1131 768 sacros,

214 772 390 823 Fusaque
408 773 449 810 in
468 774 671 811 obscenum
691 787 730 811 se
747 777 894 811 vertere
912 773 1001 810 vina
1020 788 1201 813 cruorem.

213 826 302 863 Hoc
321 827 446 863 visum
463 827 571 874 nulli,
590 841 668 864 non
685 827 758 877 ipsi
776 827 891 864 effata
908 827 1037 864 sorori.

212 879 405 917 Praeterea
422 880 496 917 fuit
514 880 555 917 in
572 880 686 917 tectis
706 880 751 918 de
770 894 956 918 marmore
974 880 1161 930 templum

213 932 395 983 Conjugis
415 933 573 983 antiqui,
592 933 689 971 miro
708 934 809 983 quod
827 934 969 971 honore
989 934 1148 981 colebat,

212 985 425 1024 Velleribus
443 987 563 1024 niveis
582 989 621 1024 et
640 987 738 1024 festa
754 987 887 1024 fronde
905 987 1118 1025 revinctum
1133 1005 1141 1025 ε

213 1039 319 1077 Hinc
338 1040 506 1077 exaudiri
524 1053 633 1078 voces
652 1043 691 1078 et
709 1041 824 1078 verba
841 1041 1013 1078 vocantis

212 1093 306 1130 Visa
323 1093 406 1140 viri,
425 1107 500 1131 nox
520 1107 637 1143 quum
655 1097 775 1131 terras
795 1094 953 1131 obscura
970 1096 1118 1131 teneret
1133 1111 1140 1131 :

214 1146 374 1196 Solaque
393 1147 622 1184 culminibus
641 1147 746 1185 ferali
766 1147 930 1185 carmine
948 1148 1049 1185 bubo

214 1200 321 1249 Saepe
340 1201 456 1250 queri,
477 1202 515 1238 et
533 1201 666 1251 longas
684 1201 725 1237 in
743 1201 877 1239 fletum
896 1201 1030 1238 ducere
1048 1214 1170 1239 voces.

214 1253 417 1303 Multaque
435 1256 619 1304 praeterea
636 1257 770 1291 vatum
788 1254 970 1304 praedicta
987 1254 1138 1305 piorum

214 1307 390 1344 Terribili
408 1307 560 1345 monitu
577 1307 811 1345 horrificant.
867 1308 964 1358 Agit
983 1308 1062 1358 ipse
1081 1308 1272 1347 furentem

215 1360 265 1397 In
285 1360 426 1398 somnis
444 1360 545 1399 ferus
565 1361 727 1407 AEneas;
756 1375 975 1411 semperque
992 1361 1155 1411 relinqui

215 1413 304 1451 Sola
321 1414 404 1461 sibi,
422 1428 569 1464 semper
585 1415 740 1465 longam
757 1415 982 1452 incomitata
999 1415 1153 1452 videtur

216 1466 279 1504 Ire
297 1467 409 1513 viam,
429 1469 469 1504 et
488 1468 624 1518 Tyrios
643 1469 792 1506 deserta
810 1481 975 1518 quaerere
993 1471 1107 1506 terra.

216 1520 474 1558 Eumenidum
491 1521 612 1559 veluti
630 1521 784 1559 demens
802 1522 908 1559 videt
927 1522 1081 1572 agmina
1100 1521 1307 1567 Pentheus,

217 1573 273 1609 Et
292 1573 409 1610 solem
427 1574 634 1624 geminum,
654 1578 693 1612 et
712 1575 879 1625 duplices
898 1589 936 1612 se
955 1575 1153 1613 ostendere
1172 1575 1345 1618 Thebas3

217 1626 300 1662 Aut
318 1627 644 1677 Agamemnonius
664 1629 784 1665 scenis
803 1629 972 1678 agitatus
993 1629 1158 1673 Orestes,

216 1679 418 1716 Armatam
436 1680 578 1718 facibus
597 1683 759 1719 matrem
778 1683 817 1719 et
837 1682 1072 1731 serpentibus
1092 1681 1184 1718 atris

217 1732 344 1779 Quum
363 1733 476 1783 fugit,
495 1734 722 1783 ultricesque
742 1735 874 1772 sedent
892 1735 933 1771 in
950 1735 1082 1772 limine
1101 1734 1219 1771 Dirae.

269 1785 375 1835 Ergo
394 1786 461 1823 ubi
479 1787 650 1837 concepit
670 1787 816 1834 Furias,
836 1788 960 1825 evicta
978 1788 1116 1833 dolore,

216 1838 472 1888 Decrevitque
490 1840 598 1887 mori,
618 1843 768 1890 tempus
788 1854 916 1878 secum
934 1841 1016 1891 ipsa
1033 1841 1264 1890 modumque

214 1892 363 1942 Exigit,
383 1896 422 1929 et
442 1896 617 1931 maestam
637 1894 748 1931 dictis
768 1907 946 1944 aggressa
965 1907 1131 1932 sororem

216 1945 427 1982 Consilium
445 1946 558 1984 Vultu
576 1947 688 1997 tegit,
708 1961 750 1984 ac
769 1961 875 1997 spem
892 1947 1019 1985 fronte
1038 1949 1185 1985 serenat
1200 1963 1207 1983 ε

215 2002 236 2017 “
250 1998 399 2045 Inveni,
419 2013 610 2049 germana,
629 2001 936 2050 viam—gratare
956 2001 1128 2038 sorori-—

215 2052 310 2098 Quae
328 2052 424 2089 mihi
441 2053 576 2090 reddat
595 2067 693 2099 eum,
712 2054 773 2091 vel
791 2068 834 2091 eo
853 2068 914 2091 me
933 2054 1056 2091 solvat
1075 2055 1280 2091 amantem.

215 2106 356 2142 Oceani
374 2106 489 2143 finem
503 2106 615 2157 juxta
633 2107 823 2156 solemque
843 2107 1041 2145 cadentem

214 2158 388 2196 Ultimus
408 2159 636 2210 AEthiopum
654 2161 759 2198 locus
778 2162 848 2207 est,
867 2161 934 2197 ubi
951 2160 1139 2198 maximus
1159 2160 1270 2197 Atlas

214 2212 338 2249 Axem
356 2213 514 2251 humero
533 2216 687 2263 torquet
707 2214 827 2251 stellis
846 2214 1066 2252 ardentibus
1086 2216 1240 2264 aptum:

215 2265 321 2303 Hinc
340 2266 436 2303 mihi
455 2267 637 2318 Massylae
656 2267 782 2318 gentis
802 2270 1018 2305 monstrata
1036 2268 1219 2313 sacerdos²

216 2318 473 2369 Hesperidum
492 2321 627 2371 templi
645 2323 784 2367 custos,
805 2321 1006 2371 epulasque
1025 2321 1179 2358 draconi

217 2371 311 2417 Quae
329 2373 455 2419 dabat,
475 2376 514 2411 613
533 2388 655 2412 sacros
675 2375 849 2412 servabat
867 2375 908 2412 in
927 2375 1057 2412 arbore
1076 2388 1212 2419 ramos‚

217 2424 404 2475 Spargens
423 2427 581 2465 humida
599 2428 712 2466 mella
730 2428 1053 2478 soporiferumque
1072 2441 1246 2478 papaver.

218 2477 315 2515 Haec
334 2492 373 2516 se
391 2480 618 2518 carminibus
637 2481 833 2532 promittit
853 2482 995 2519 solvere
1013 2484 1172 2527 mentes,

219 2529 319 2576 Quas
338 2533 451 2571 velit:
481 2536 540 2572 ast
560 2534 641 2571 aliis
661 2536 773 2572 duras
792 2535 1003 2572 immittere
1022 2548 1151 2580 curas3

219 2582 358 2623 Sistere
377 2599 513 2636 aquam
531 2587 668 2636 fluviis,
688 2590 727 2626 et
746 2590 892 2626 vertere
912 2588 1034 2626 sidera
1051 2590 1152 2626 retro
1168 2604 1176 2633 3

319 2662 328 2679 1

1409 87 1485 124 183
