1705 2744
652 107 842 135 AENEIDOS
861 108 945 134 LIB.
965 108 1014 135 ΙΙ.

197 202 280 240 Nos
300 205 433 241 contra
451 202 559 241 effusi
576 202 751 249 lacrimis,
771 203 983 254 conjuxque
1003 203 1156 251 Creiisa,

197 256 468 307 Ascaniusque,
487 257 682 306 omnisque
701 257 847 303 domus,
866 271 914 295 ne
927 259 1074 295 vertere
1093 271 1220 295 secum

198 309 348 347 Cuncta
366 312 483 361 pater,
503 311 656 360 fatoque
674 311 829 361 urgenti
846 311 1063 349 incumbere
1080 311 1208 349 Vellet.

198 363 390 414 Abnegat,
410 364 635 414 inceptoque
655 366 693 401 et
713 364 863 402 sedibus
882 364 1000 402 haeret
1019 365 1059 402 in
1077 365 1209 402 isdem.

198 416 345 454 Rursus
364 417 404 454 in
423 431 527 455 arma
544 417 654 464 feror,
673 420 911 468 mortemque
930 418 1162 456 miserrimus
1182 420 1285 468 opto.

196 470 302 508 Nam
321 471 422 521 quod
440 471 638 508 consilium
657 473 724 508 aut
744 485 825 521 quae
838 472 921 522 jam
938 472 1093 510 fortuna
1111 472 1272 510 dabatur
1289 471 1306 510 Ρ

197 527 205 542 ‘
223 524 339 562 Mene
358 525 487 562 efferre
505 525 650 575 pedem,
669 525 831 575 genitor,
849 527 890 563 te
908 539 1017 576 posse
1034 526 1167 563 relicto

197 575 365 627 Sperasti
380 578 397 616 P
424 580 652 628 tantumque
671 579 774 616 nefas
792 579 916 629 patrio
936 579 1075 617 excidit
1094 593 1157 617 ore
1172 578 1189 618 ?

196 630 237 668 Si
254 631 352 668 nihil
369 645 414 669 ex
432 634 543 669 tanta
561 632 704 682 superis
722 632 846 682 placet
865 633 957 670 urbe
974 633 1147 683 relinqui,

196 684 253 722 Et
272 685 378 723 sedet
396 686 468 723 hoc
488 685 625 732 animo,
643 686 896 736 perituraeque
915 687 1050 724 addere
1069 686 1190 737 Trojae

198 738 326 788 Teque
345 741 506 789 tuosque
519 739 643 790 juvat,
663 741 770 789 patet
788 739 853 777 isti
866 740 984 790 janua
1001 740 1078 777 leto
1096 757 1103 786 ;

197 791 363 842 Jamque
382 793 502 830 aderit
521 793 643 830 multo
663 793 807 830 Priami
826 793 871 830 de
890 793 1072 843 sanguine
1092 793 1277 844 Pyrrhus,

196 845 348 883 Natum
367 848 456 883 ante
475 859 540 883 ora
558 846 688 896 patris,
707 849 855 896 patrem
875 847 939 897 qui
958 847 1162 884 obtruncat
1182 847 1229 884 ad
1248 860 1341 884 araS.

197 898 285 937 Hoc
305 901 397 946 erat,
417 899 516 937 alma
533 913 678 949 parens,
699 900 799 950 quod
817 913 878 937 me
896 914 963 950 per
981 901 1070 948 tela,
1089 914 1156 951 per
1173 901 1280 951 ignes

196 952 337 1003 Eripis,
356 955 401 990 ut
419 953 552 990 mediis
571 953 722 991 hostem
741 953 781 990 in
799 954 1068 1004 penetralibus,
1087 956 1206 1005 utque

196 1006 415 1053 Ascanium,
434 1009 656 1057 patremque
675 1020 813 1054 meum,
827 1007 1014 1058 juxtaque
1034 1008 1228 1054 Creiisam,

196 1060 374 1097 Alterum
393 1060 433 1097 in
452 1060 606 1098 alterius
625 1063 813 1098 mactatos
833 1062 1016 1111 sanguine
1035 1075 1185 1099 cernam
1199 1062 1217 1099 Ρ

195 1114 326 1159 Arma,
346 1113 429 1160 viri,
448 1114 544 1151 ferte
563 1127 688 1152 arma:
718 1117 829 1152 vocat
847 1115 913 1152 lux
931 1115 1070 1152 ultima
1087 1115 1221 1153 victos.

197 1166 364 1205 Reddite
383 1181 444 1205 me
464 1167 630 1214 Danais;
659 1167 772 1205 sinite
791 1168 1005 1206 instaurata
1022 1169 1183 1206 revisam

195 1219 347 1258 Proelia.
405 1220 615 1271 Nunquam
635 1235 764 1259 omnes
784 1222 896 1259 hodie
915 1222 1120 1260 moriemur
1138 1222 1278 1259 inulti.'

248 1277 270 1293 “
285 1274 392 1312 Hinc
409 1275 507 1312 ferro
527 1275 702 1326 accingor
719 1289 860 1322 rursus,
879 1276 1071 1326 clipeoque
1090 1276 1286 1314 sinistram

195 1327 436 1366 Insertabam
455 1331 602 1379 aptans,
622 1342 755 1379 meque
775 1331 882 1367 extra
900 1332 1004 1367 tecta
1021 1330 1199 1368 ferebam.

195 1381 296 1419 Ecce
315 1384 444 1420 autem
462 1383 657 1433 complexa
674 1383 786 1433 pedes
805 1383 846 1420 in
864 1383 994 1421 limine
1013 1383 1150 1435 conjux

195 1434 390 1482 Haerebat,
408 1450 641 1487 parvumque
659 1436 761 1486 patri
778 1437 961 1474 tendebat
980 1437 1133 1475 Iulum:

196 1491 205 1506 ‘
218 1487 259 1525 Si
275 1489 465 1539 periturus
485 1490 576 1536 abis,
596 1492 635 1527 et
653 1503 722 1527 nos
741 1503 830 1541 rape
848 1490 888 1527 in
907 1491 1035 1528 omnia
1052 1493 1204 1537 tecun13

196 1540 263 1578 Sin
282 1542 448 1592 aliquam
466 1545 642 1593 expertus
661 1544 798 1581 sumtis
818 1557 924 1594 spem
941 1545 1051 1594 ponis
1069 1545 1110 1582 in
1129 1544 1255 1590 armis,

195 1593 310 1632 Hanc
329 1596 494 1645 primum
513 1599 641 1634 tutare
661 1597 829 1635 domum.
885 1597 958 1635 Cui
976 1611 1114 1648 parvus
1134 1598 1254 1643 Iulus,

196 1646 268 1685 Cui
286 1651 406 1698 pater,
425 1652 464 1687 et
484 1650 620 1700 conjux
639 1651 830 1701 quondam
848 1652 918 1688 tua
936 1651 1039 1689 dicta
1056 1651 1247 1701 relinquor
1261 1649 1291 1688 ?’

249 1704 270 1720 ‘⁴
283 1702 391 1740 Talia
407 1703 616 1741 vociferans
635 1703 783 1754 gemitu
800 1706 949 1742 tectum
968 1718 1080 1742 omne
1098 1705 1268 1755 replebat
1285 1720 1294 1749 3

195 1754 324 1801 Quum
342 1756 513 1794 subitum
532 1757 711 1807 dictuque
730 1757 852 1794 oritur
869 1758 1041 1796 mirabile
1059 1761 1289 1796 monstrum.

193 1808 371 1859 Namque
390 1823 524 1847 manus
543 1810 645 1848 inter
662 1813 955 1861 maestorumque
975 1825 1040 1849 ora
1057 1814 1262 1862 parentum

194 1862 294 1900 Ecce
312 1863 405 1900 levis
425 1877 573 1901 summo
593 1864 639 1901 de
656 1864 798 1902 vertice
815 1864 918 1901 visus
938 1864 1017 1902 Iuli

193 1915 370 1954 Fundere
388 1916 519 1955 lumen
537 1931 643 1967 apex,
661 1919 844 1968 tactuque
861 1918 1016 1956 innoxia
1033 1918 1165 1956 molles

192 1969 378 2008 Lambere
397 1971 551 2008 flamma
569 1984 706 2017 comaS‚
727 1973 766 2009 et
785 1972 927 2010 circum
945 1974 1119 2022 tempora
1136 1971 1251 2023 pasci.

191 2023 276 2061 Nos
294 2024 422 2074 pavidi
440 2025 629 2075 trepidare
647 2026 766 2071 metu,
786 2025 1003 2075 crinemque
1021 2025 1247 2076 flagrantem

192 2076 395 2124 Excutere,
415 2080 454 2115 et
473 2080 624 2116 sanctos
642 2079 876 2129 restinguere
895 2079 1064 2116 fontibus
1082 2080 1202 2130 ignes.

192 2131 248 2168 At
266 2133 375 2181 pater
393 2131 580 2170 Anchises
599 2132 725 2170 oculos
745 2132 793 2170 ad
811 2132 933 2170 sidera
949 2132 1063 2170 laetus

192 2183 359 2232 Extulit,
379 2187 418 2223 et
438 2186 531 2223 coelo
549 2186 694 2236 palmas
714 2199 801 2223 cum
819 2199 911 2224 voce
928 2186 1096 2224 tetendit
1111 2203 1118 2224 :

192 2240 201 2257 ‘
214 2237 371 2288 Jupiter
389 2239 641 2290 omnipotens,
659 2239 832 2289 precibus
851 2239 884 2277 si
901 2240 1063 2278 flecteris
1082 2240 1180 2287 ullis,

192 2291 330 2342 Aspice
348 2306 417 2330 nos
432 2310 440 2340 3
458 2293 531 2331 hoc
550 2295 727 2340 tantum
756 2295 806 2340 et,
827 2293 859 2331 si
876 2293 1021 2344 pietate
1039 2307 1238 2340 meremur,

193 2345 255 2382 Da
273 2346 407 2384 deinde
426 2347 619 2394 auxilium,
638 2349 758 2397 pater,
778 2349 892 2397 atque
911 2347 990 2385 haec
1011 2348 1138 2385 omina
1156 2347 1290 2385 firma.’

246 2401 267 2418 “
280 2399 356 2436 Vix
373 2413 417 2437 ea
434 2401 536 2438 fatus
555 2403 636 2438 erat
655 2401 800 2447 senior3
829 2401 1030 2451 subitoque
1047 2401 1196 2452 fragore

194 2451 373 2490 Intonuit
390 2453 545 2501 laevum,
564 2457 604 2493 et
623 2455 669 2492 de
688 2455 782 2492 coelo
800 2454 906 2505 lapsa
922 2468 990 2505 per
1006 2455 1161 2493 umbras

196 2504 313 2543 Stella
325 2506 446 2544 facem
464 2508 604 2546 ducens
623 2508 748 2546 multa
765 2522 853 2546 cum
871 2508 954 2546 luce
973 2509 1152 2546 cucurrit.

195 2557 320 2605 Illam,
339 2573 487 2598 summa
505 2575 616 2612 super
633 2561 828 2599 labentem
847 2562 1013 2600 culmina
1030 2562 1139 2610 tecti,

199 2610 397 2652 Cernimus
416 2614 521 2653 Idaea
539 2615 680 2654 claram
699 2629 738 2653 se
756 2615 915 2653 condere
934 2615 1040 2662 silva,

1392 99 1468 136 141
