1705 2744
618 50 808 77 AENEIDOS
828 50 910 77 ΠΒ.
933 51 1010 77 ΠΙ.
1375 44 1453 80 269

177 146 295 184 Ibant
313 145 455 195 aequati
474 158 643 191 numero,
661 159 864 196 regemque
883 145 1092 192 canebant;

176 200 257 237 Ceu
276 200 469 249 quondam
487 198 588 236 nivei
605 198 749 248 liquida
767 199 868 236 inter
886 199 1017 236 nubila
1036 199 1146 249 cycni

176 253 304 299 Quum
324 265 404 290 sese
423 266 442 289 e
461 254 575 302 pastu
593 252 775 298 referunt,
795 255 834 290 et
853 252 969 303 longa
983 266 1138 290 canoros

176 305 286 343 Dant
304 319 370 355 per
389 305 484 343 colla
501 305 657 352 modos;
684 307 795 342 sonat
814 306 936 343 amnis
955 307 995 343 et
1013 305 1107 343 Asia
1125 306 1238 357 longe

176 358 293 396 Pulsa
310 359 429 408 palus.

175 412 260 449 Nec
279 412 478 461 quisquam
496 412 631 449 aeratas
651 411 747 449 acies
767 425 812 449 ex
831 412 982 462 agmine
1000 413 1112 450 tanto

176 464 333 502 Misceri
351 468 484 515 putet:
515 464 657 502 aeriam
676 465 742 503 sed
759 466 914 516 gurgite
933 466 980 503 ab
999 465 1079 502 alto

175 518 316 568 Urgeri
334 518 532 555 volucrum
550 531 749 556 raucarum
768 519 815 556 ad
833 519 947 556 litora
964 519 1117 556 nubem.

228 571 340 618 Eece,
360 571 587 609 Sabinorfim
604 572 727 622 prisco
747 572 792 610 de
812 572 1007 622 sanguine,
1027 585 1211 622 magnum

175 624 328 676 Agmen
347 638 462 676 agens
482 624 654 672 Clausus,
673 625 878 676 magnique
897 625 977 676 ipse
996 625 1160 676 agminis
1178 625 1311 672 instar,

174 1639 332 1676 Claudia
350 1653 451 1676 nunc
471 1653 492 1676 a
511 1653 585 1688 quo
605 1639 832 1676 diffunditur
852 1641 891 1676 et
909 1639 1034 1676 tribus
1053 1641 1092 1676 et
1112 1652 1204 1689 gens

174 1693 248 1730 Per
268 1693 436 1739 Latium,
455 1696 658 1742 postquam
677 1692 718 1729 in
736 1696 885 1742 partem
905 1693 995 1729 data
1014 1692 1141 1729 Roma
1160 1691 1321 1729 Sabinis.

173 1746 263 1783 Una
281 1746 416 1796 ingens
439 1746 638 1783 Amiterna
656 1746 801 1792 cohors,
820 1746 1008 1796 priscique
1029 1745 1208 1792 Quirites,

173 1799 285 1836 Ereti
303 1813 437 1836 manus
458 1799 592 1845 omnis,
612 1799 862 1848 oliviferaeque
883 1799 1099 1844 Mutuscae;

172 1853 249 1899 Qui
268 1853 509 1890 Nomentum
527 1853 671 1898 urbem,
692 1853 757 1902 qui
776 1852 901 1890 Rosea
919 1866 1008 1889 rura
1026 1851 1165 1898 Velini,

172 1906 247 1953 Qui
268 1906 430 1943 Tetricae
449 1906 639 1944 horrentis
657 1920 780 1956 rupes
800 1909 1046 1955 montemque
1066 1905 1256 1951 Severum,

172 1959 464 2010 Casperiamque
484 1960 627 2006 colunt,
648 1960 894 2008 Forulosque,
915 1962 954 1997 et
972 1960 1115 1996 flumen
1136 1958 1340 2004 HimeHae3

172 2013 248 2059 Qui
267 2013 453 2063 Thybrim
476 2013 727 2062 Fabarimque
746 2013 895 2058 bibunt,
917 2026 1010 2063 quos
1030 2012 1168 2062 frigida
1186 2012 1292 2049 misit

172 2066 326 2113 Nursia,
347 2069 386 2104 et
406 2066 587 2104 Hortinae
606 2067 752 2112 classes,
771 2066 974 2116 populique
994 2065 1136 2112 Latini,

173 2120 350 2170 Quosque
371 2133 498 2158 secans
518 2120 728 2157 infaustum
746 2119 921 2157 interluit
940 2119 1042 2157 Allia
1060 2132 1221 2157 nomen:

172 2173 296 2220 Quam
315 2173 429 2211 multi
447 2173 593 2224 Libyco
612 2173 822 2211 volvuntur
840 2186 1027 2211 marmore
1047 2173 1197 2219 fluctus,

172 2226 305 2264 Saevus
323 2227 389 2264 ubi
409 2227 527 2265 Orion
546 2227 713 2265 hibernis
733 2226 910 2265 conditur
928 2226 1063 2272 undis3

172 2279 244 2317 Vel
262 2293 380 2329 quum
401 2280 478 2318 sole
496 2294 595 2319 novo
615 2281 738 2318 densae
756 2283 954 2318 torrentur
972 2280 1109 2325 aristae,

174 2333 256 2370 Aut
276 2334 413 2371 Hermi
432 2348 576 2384 campo,
595 2337 663 2372 aut
683 2334 811 2385 Lyciae
830 2334 1059 2372 flaventibus
1078 2333 1188 2370 arvis.

175 2385 291 2424 Scuta
309 2391 456 2434 sonant,
475 2388 662 2438 puLsuque
681 2388 822 2438 pedum
841 2387 1049 2425 conterrita
1066 2387 1191 2424 tellus.

174 2438 279 2477 Hinc
297 2440 634 2491 Agamemnonius,
654 2441 809 2492 Trojani
826 2441 991 2479 nominis
1010 2440 1144 2486 hostis,

175 2491 298 2530 Curru
310 2494 443 2544 jungit
462 2495 641 2532 Halaesus
661 2509 787 2545 equos,
808 2495 1013 2544 Turnoque
1032 2494 1172 2531 feroces

174 2544 283 2584 Mine
301 2547 401 2597 rapit
419 2549 601 2600 populos3
629 2551 787 2587 vertunt
806 2548 929 2587 felicia
947 2548 1100 2585 Baccho
