1705 2744
560 77 749 104 AENEIDos
769 77 852 103 Lm.
871 77 949 103 vn.
1317 71 1394 110 253

120 174 266 212 Fatalis
285 173 414 219 crusti,
432 172 574 223 patulis
592 185 660 210 nec
678 185 829 222 parcere
847 171 998 222 quadris
1013 188 1021 209 :

121 231 142 247 “
155 227 286 264 Heus!
315 227 431 264 etiam
450 239 598 263 mensas
618 224 907 263 consumimus?
923 225 945 240 ”
976 225 1102 275 inquit
1121 226 1243 265 Iulus.

120 281 162 318 N
163 293 204 317 ec
222 279 332 330 plura
350 279 531 317 alludens.
587 279 647 315 Ea
664 292 737 316 vox
757 278 888 315 audita
905 278 1078 315 laborum

121 332 252 370 Prima
269 333 362 370 tulit
380 332 506 378 finem,
525 331 761 381 primamque
779 331 970 381 loquentis
989 332 1036 368 ab
1056 345 1119 370 ore

120 386 275 436 Eripuit
293 387 413 436 pater,
433 398 475 422 ac
495 385 728 434 stupefactus
748 384 904 421 numine
922 385 1070 434 pressit.

121 438 326 485 Continuo,
346 442 367 458 “
381 438 489 476 Salve
508 438 597 474 fatis
617 438 713 474 mihi
732 437 861 475 debita
879 437 1020 484 Tellus,

119 492 310 541 Vosque‚''
332 491 397 537 ait,
418 494 439 510 ‘⁴
452 505 474 528 o
492 491 560 528 fidi
579 491 701 541 Trojae
720 491 862 528 salvete
882 490 1058 528 Penates.

119 545 198 582 Hic
218 545 364 590 domus,
382 545 464 581 haec
484 544 607 594 patria
625 547 695 581 est.
752 544 913 581 Genitor
931 544 1025 581 mihi
1044 544 1148 591 talia,
1168 558 1330 596 namque

119 598 235 635 Nune
254 600 396 647 repeto,
415 597 602 634 Anchises
621 597 789 634 fatorum
809 610 944 634 arcana
961 597 1136 646 reliquit:

121 651 250 697 Quum
268 652 319 697 te,
338 652 440 695 nate,
459 650 576 687 fames
596 650 731 700 ignota
749 650 796 687 ad
815 650 930 687 litora
947 653 1102 688 vectum

119 704 263 741 Accisis
284 706 394 754 coget
414 704 572 753 dapibus
593 701 812 740 consumere
831 716 1000 741 mensas:

119 757 221 795 Tum
240 770 386 806 sperare
406 757 537 794 domos
557 756 734 802 defessus,
754 756 880 805 ibique
899 759 1092 794 memento

119 809 250 847 Prima
268 810 390 847 locare
409 823 525 846 manu
543 809 742 858 molirique
761 823 898 859 aggere
916 812 1030 847 tecta.

118 863 217 900 Haec
236 865 317 900 erat
334 863 399 900 illa
416 863 556 908 fames3
583 863 665 900 haec
684 876 752 900 nos
773 876 946 913 suprema
964 864 1153 912 manebat,

119 916 260 953 Exitiis
279 916 449 966 positura
466 916 635 953 modum.

119 969 242 1015 Quare
261 969 375 1020 agite,
395 972 433 1006 et
451 969 574 1019 primo
592 969 672 1006 laeti
690 982 777 1006 cum
795 968 937 1006 lumine
956 969 1056 1015 solis,

120 1022 212 1068 Quae
231 1022 323 1068 loca,
344 1022 454 1071 quive
473 1023 638 1060 habeant
658 1022 843 1068 homines,
862 1022 930 1059 ubi
948 1023 1089 1060 moenia
1107 1023 1246 1074 gentis,

118 1075 374 1125 Vestigemus,
395 1078 433 1113 et
453 1089 475 1112 a
492 1078 607 1125 portu
626 1076 773 1112 diversa
790 1078 976 1125 petamus.

118 1128 235 1166 Nunc
254 1131 403 1178 pateras
422 1129 539 1166 libate
559 1128 587 1165 J
589 1129 662 1174 ovi,
682 1128 929 1178 precibusque
947 1131 1080 1166 vocate

117 1182 313 1219 Anchisen
332 1182 556 1231 genitorem,
577 1183 616 1219 et
634 1181 723 1218 vina
740 1182 912 1231 reponite
931 1182 1111 1220 mensis.”

119 1234 180 1272 Sic
200 1235 334 1272 deinde
353 1235 488 1272 effatus
507 1235 701 1272 frondenti
720 1237 892 1284 tempora
909 1248 1015 1273 ramo

118 1287 310 1337 Implicat,
331 1290 370 1325 et
390 1287 629 1337 Geniumque
647 1287 730 1334 loci,
751 1288 987 1338 primamque
1007 1289 1164 1326 deorum

118 1340 320 1387 Tellurem,
339 1341 629 1392 Nymphasque,
649 1344 688 1379 et
708 1341 831 1378 adhuc
849 1341 984 1392 ignota
1001 1344 1177 1392 precatur

118 1393 320 1441 Flumina3
347 1396 435 1431 tum
453 1395 632 1442 Noctem,
653 1394 867 1445 Noctisque
886 1395 1048 1432 orientia
1066 1395 1185 1445 signa,

116 1446 340 1497 Idaeumque
360 1447 388 1484 J
390 1461 510 1494 ovem,
530 1447 817 1498 Phrygiamque
837 1461 881 1485 ex
901 1448 1031 1486 ordine
1051 1449 1233 1495 Matrem,

116 1499 290 1546 Invocat,
310 1503 349 1538 et
368 1500 534 1550 duplices
554 1500 733 1550 Coeloque
752 1501 952 1550 Ereboque
970 1504 1158 1551 parentes.

117 1551 197 1590 Hic
216 1553 333 1591 Pater
351 1554 591 1604 omnipotens
609 1556 670 1591 ter
689 1554 782 1592 ccelo
802 1554 924 1592 clarus
944 1555 990 1591 ab
1010 1555 1088 1592 alto

117 1604 310 1652 Intonuit,
328 1606 515 1656 radiisque
534 1607 731 1644 ardentem
748 1607 843 1644 lucis
863 1609 902 1644 et
921 1621 1012 1645 auro

117 1658 207 1707 Ipse
225 1672 342 1696 manu
360 1661 533 1708 quatiens
553 1660 721 1696 ostendit
740 1660 786 1697 ab
806 1660 944 1697 aethere
962 1660 1117 1697 nubem.

117 1711 278 1748 Diditur
295 1711 357 1749 hic
377 1712 504 1749 subito
523 1712 687 1762 Trojana
703 1726 770 1762 per
789 1713 941 1763 agmina
959 1726 1099 1760 rumor,

117 1764 328 1802 Advenisse
347 1764 458 1811 diem,
478 1779 554 1815 quo
573 1765 701 1802 debita
718 1766 861 1802 moenia
879 1766 1056 1803 condant.

118 1816 306 1854 Certatim
325 1817 542 1855 instaurant
562 1818 701 1868 epulas,
721 1821 835 1868 atque
854 1819 979 1856 omine
998 1832 1138 1869 magno

117 1869 292 1907 Crateras
312 1870 393 1907 laeti
412 1873 603 1918 statuunt,
623 1874 663 1909 et
680 1871 770 1908 vina
788 1874 984 1909 coronant.

170 1923 329 1961 Postera
348 1937 467 1973 quum
485 1924 608 1974 prima
625 1924 814 1962 lustrabat
832 1925 1005 1974 lampade
1022 1927 1143 1963 terras

117 1975 213 2014 Orta
232 1977 322 2022 dies,
342 1978 475 2014 urbem
494 1980 533 2015 et
553 1978 646 2015 fines
665 1980 704 2015 et
723 1977 838 2015 litora
855 1978 982 2028 gentis

116 2029 268 2067 Diversi
287 2030 486 2079 explorant
500 2031 618 2077 ;·haee
636 2031 753 2068 fontis
773 2033 911 2081 stagna
928 2031 1098 2078 Numici,

115 2082 235 2120 Hunc
255 2083 445 2133 Thybrim
463 2084 634 2130 fluvium,
653 2083 715 2121 hic
735 2084 851 2122 fortes
871 2084 1044 2122 habitare
1063 2084 1236 2122 Latinos.

116 2135 217 2173 Tum
237 2138 341 2173 satus
361 2136 531 2174 Anchisa
549 2137 715 2174 delectos
735 2137 865 2175 ordine
884 2137 931 2175 ab
950 2137 1056 2175 omni

116 2187 282 2226 Centum
300 2192 467 2227 oratores
486 2192 652 2240 augusta
669 2190 717 2227 ad
734 2190 876 2228 moenia
892 2191 992 2241 regis

116 2240 179 2279 Ire
191 2242 315 2291 jubet,
335 2243 450 2280 ramis
468 2244 613 2281 valatos
633 2243 798 2281 Palladis
818 2257 960 2291 omnes,

116 2293 302 2344 Donaque
319 2295 415 2334 ferre
433 2296 527 2343 viro,
545 2310 750 2347 pacemque
769 2311 966 2347 exposcere
986 2297 1153 2334 Teucris.

116 2346 235 2384 Haud
252 2361 378 2386 mora:
407 2349 592 2387 festinant
605 2350 714 2401 jussi,
733 2350 947 2400 rapidisque
965 2351 1140 2388 feruntm·

117 2398 306 2439 Passibus.
361 2401 450 2452 Ipse
468 2403 606 2440 humili
624 2403 800 2454 designat
818 2404 960 2441 moenia
976 2404 1086 2450 fossa,

116 2450 355 2504 Moliturque
372 2455 521 2501 locum3
540 2456 756 2506 primasque
773 2457 814 2494 in
832 2457 943 2494 litore
963 2457 1079 2503 sedes,

118 2503 338 2544 Castrorum
355 2508 395 2545 in
413 2522 569 2556 morem,
588 2509 714 2560 pinnis
733 2512 847 2560 atque
867 2523 1004 2560 aggere
1023 2510 1156 2560 cingit.

115 2555 278 2609 Jamque
295 2560 369 2599 iter
387 2562 540 2611 emensi,
558 2564 683 2601 turres
702 2576 744 2600 ac
762 2564 867 2601 tecta
885 2563 1112 2602 Latinorum
