1674 2775
643 114 834 141 AENEtnos
854 114 937 140 mn.
957 114 1034 140 KH.
1403 105 1481 143 393

204 211 269 248 An
287 209 416 248 fratris
435 209 564 248 miseri
583 209 706 248 letum
724 211 770 247 ut
789 209 938 248 crudele
956 209 1135 248 videres?

204 264 310 302 Nam
330 263 422 314 quid
440 277 512 314 ago
531 263 547 302 ἓ
577 266 644 301 aut
664 277 747 314 quae
760 263 843 314 jam
862 264 1024 314 spondet
1044 264 1200 302 fortuna
1218 264 1382 302 salutem
1400 263 1417 302 ?

203 317 295 355 Vidi
313 317 441 355 oculos
461 319 550 355 ante
569 317 648 368 ipse
668 330 771 354 meos
790 330 852 354 me
870 331 962 355 voce
981 320 1183 355 vocantem

204 371 446 418 Murranum,
467 384 541 421 quo
559 385 637 408 non
657 374 810 421 superat
828 371 924 408 mihi
944 371 1064 409 carior
1082 371 1189 417 alter,

205 425 393 476 Oppetere
411 425 609 475 ingentem
628 427 744 475 atque
762 424 913 474 ingenti
931 425 1087 463 vulnere
1106 426 1265 463 victum.

205 478 356 517 Occidit
375 478 517 525 infelix,
536 492 583 516 ne
602 481 778 516 nostrum
797 478 959 516 dedecus
982 479 1101 517 Ufens

203 532 427 583 Aspiceret;
447 532 583 570 Teucri
602 532 804 582 potiuntur
823 545 977 583 corpore
997 536 1035 570 et
1055 532 1181 570 armis.

205 586 438 624 Exscindine
458 586 601 632 domos,
621 586 661 623 id
679 585 790 623 rebus
810 586 930 623 defuit
949 600 1081 632 unum,

204 639 434 690 Perpetiar?
463 640 596 677 dextra
614 653 683 677 nec
702 639 864 677 Drancis
885 640 986 677 dicta
1004 640 1172 678 refellam
1187 639 1205 679 ἓ

205 693 330 744 Terga
345 693 441 731 dabo
459 692 476 731 P
505 696 545 731 et
560 693 735 730 Turnum
750 693 963 743 fugientem
978 693 1062 731 haec
1075 696 1178 732 terra
1196 693 1340 731 videbit
1356 692 1374 731 P

205 747 337 798 Usque
355 747 496 785 adeone
515 747 613 784 mori
631 747 812 784 miserum
831 750 890 784 est
908 746 924 785 ’ἓ
953 761 1021 785 vos
1041 761 1062 785 o
1081 748 1177 784 mihi
1197 747 1333 785 Manes

205 801 302 838 Este
320 801 432 838 boni:
462 801 641 851 quoniam
661 800 805 850 superis
824 814 954 838 aversa
972 801 1161 838 voluntas.

205 854 346 892 Sancta
364 855 413 892 ad
431 868 497 891 vos
518 855 654 900 anima,
675 856 789 904 atque
808 854 919 891 istius
938 854 1056 892 inscia
1075 855 1192 905 culpae

206 908 458 954 Descendam,
477 921 704 958 magnorum
725 908 828 945 haud
847 921 1015 958 unquam
1034 909 1214 959 indignus
1235 908 1433 946 avorum.‘’

257 962 333 999 Vix
347 975 391 1000 ea
408 962 510 1000 fatus
530 964 633 999 erat:
662 961 807 999 medios
826 962 930 999 volat
950 975 1034 999 ecce
1052 976 1119 1012 per
1138 962 1267 1000 hostes

204 1015 348 1053 Vectus
368 1029 464 1066 equo
484 1017 686 1066 spumante
706 1015 828 1061 Saces,
848 1015 1004 1053 adversa
1023 1016 1167 1066 sagitta

206 1069 362 1107 Saucius
382 1083 457 1116 ora,
476 1069 629 1120 ruitque
648 1069 854 1120 implorans
873 1069 1025 1107 nomine
1046 1070 1241 1108 Turnum:

206 1126 226 1142 “
241 1123 381 1170 Turne,
399 1123 440 1160 in
458 1125 499 1161 te
519 1137 694 1174 suprema
712 1123 833 1169 salus3
862 1123 1038 1161 miserere
1057 1127 1226 1161 tuorum.

206 1175 406 1215 Fulminat
424 1177 566 1214 AEneas
586 1177 712 1223 armis,
732 1191 975 1227 summasque
993 1177 1164 1214 minatur

205 1231 458 1282 Dejecturum
476 1244 578 1269 arces
599 1231 757 1276 Italum,
777 1231 995 1281 excidioque
1015 1231 1194 1268 daturum
1210 1248 1217 1277 ;

205 1284 370 1335 Jamque
389 1285 487 1322 faces
507 1284 554 1322 ad
572 1287 678 1322 tecta
695 1284 838 1322 volant.
896 1285 945 1322 In
964 1287 1004 1323 te
1024 1299 1089 1323 ora
1108 1284 1252 1332 Latini,

204 1338 254 1376 In
273 1340 312 1376 te
332 1338 459 1376 oculos
477 1338 669 1376 referunt:
699 1340 846 1376 mussat
865 1352 930 1376 rex
949 1338 1029 1389 ipse
1050 1339 1225 1385 Latinus,

205 1392 309 1439 Quos
327 1405 486 1443 generos
505 1394 628 1438 vocet,
647 1394 716 1430 aut
736 1405 821 1442 quae
842 1406 921 1430 sese
941 1393 989 1430 ad
1006 1393 1149 1431 foedera
1166 1393 1308 1431 flectat.

205 1445 396 1484 Praeterea
412 1446 555 1497 regina,
574 1445 634 1483 tui
654 1445 849 1492 fidissima,
867 1446 1001 1484 dextra

205 1499 356 1538 Occidit
374 1499 457 1551 ipsa
476 1513 554 1546 sua,
572 1499 770 1550 lucemque
789 1500 971 1538 exterrita
988 1499 1102 1551 fugit.

206 1552 285 1592 Soli
302 1567 371 1604 pro
390 1553 511 1604 portis
531 1553 733 1604 Messapus
753 1556 792 1591 et
812 1567 896 1591 acer
915 1554 1054 1591 Atinas

206 1606 435 1645 Sustentant
455 1608 585 1645 aciem.
643 1606 797 1645 Circum
815 1607 885 1645 hos
904 1607 1097 1657 utrimque
1117 1607 1323 1657 phalanges

205 1660 322 1699 Stant
340 1661 476 1708 densae,
496 1661 715 1711 strictisque
735 1674 841 1712 seges
860 1662 1104 1699 mucronibus
1124 1661 1254 1698 horret

206 1714 365 1753 Ferrea:
394 1718 441 1752 tu
459 1728 613 1753 currum
631 1715 780 1753 deserto
799 1715 840 1752 in
858 1715 1030 1765 gramine
1049 1715 1214 1753 versas.”

208 1768 419 1819 Obstupuit
438 1769 542 1806 varia
560 1769 739 1807 confusus
758 1769 925 1819 imagine
943 1782 1071 1806 rerum
1213 1806 1216 1809 .

204 1822 368 1869 Turnus,
389 1825 428 1860 et
447 1823 589 1860 obtutu
606 1823 727 1860 tacito
747 1823 870 1860 stetit.
927 1823 1086 1860 AEstuat
1105 1822 1240 1873 ingens

205 1876 296 1914 Uno
315 1876 355 1913 in
375 1876 485 1914 corde
503 1876 637 1926 pudor,
656 1877 852 1926 mixtoque
872 1876 1020 1913 insania
1038 1876 1159 1923 luctu,

206 1929 263 1967 Et
284 1929 411 1967 Furiis
431 1929 600 1980 agitatus
619 1943 737 1975 amor,
757 1934 796 1967 et
815 1929 966 1967 conscia
983 1929 1118 1967 virtus.

205 1983 265 2021 Ut
283 1983 450 2034 primum
469 1983 644 2021 discussae
663 1983 819 2030 umbrae,
839 1986 878 2021 et
897 1983 963 2020 lux
982 1983 1125 2021 reditta
1143 1982 1277 2030 menti,

205 2037 395 2075 Ardentes
415 2037 611 2075 oculorum
630 2037 738 2074 orbes
757 2037 806 2074 ad
824 2037 964 2074 moenia
981 2037 1096 2075 torsit

205 2091 409 2138 Turbidus,
428 2104 522 2142 eque
540 2090 636 2128 rotis
654 2104 835 2141 magnam
853 2091 1019 2141 respexit
1038 2091 1086 2128 ad
1104 2091 1249 2128 urbem.

205 2145 306 2183 Ecce
325 2147 467 2192 autem,
486 2145 649 2182 fiammis
668 2144 769 2182 inter
787 2144 961 2182 tabulata
979 2144 1134 2182 volutus

205 2199 269 2236 Ad
287 2199 428 2237 coelum
445 2199 617 2236 undabat
635 2201 778 2245 vertex,
797 2198 1012 2248 turrimque
1030 2199 1210 2245 tenebat3

205 2252 372 2300 Turrim,
391 2252 598 2303 compactis
615 2252 788 2290 trabibus
808 2265 923 2302 quam
941 2252 1123 2290 eduxerat
1141 2252 1233 2302 ipse,

206 2306 508 2356 Subdideratque
526 2309 642 2353 rotas,
660 2308 871 2357 pontesque
889 2306 1100 2344 intraverat
1119 2306 1229 2343 altos.

206 2362 227 2378 “
244 2359 272 2396 J
274 2373 336 2397 am
349 2360 431 2411 jam
449 2360 539 2407 fata,
559 2373 675 2406 soror,
695 2362 898 2410 superant3
927 2359 1068 2397 absiste
1086 2360 1227 2397 morari
1244 2376 1252 2406 ;

207 2413 291 2460 Quo
311 2413 402 2451 deus
421 2416 461 2451 et
480 2427 554 2465 quo
574 2414 668 2451 dura
685 2416 798 2452 vocat
816 2413 981 2460 fortuna,
1002 2427 1214 2464 sequamur.

207 2466 295 2504 Stat
313 2467 481 2505 conferre
498 2481 656 2505 manum
675 2467 818 2513 AEneae,
837 2469 928 2513 stat,
949 2467 1132 2517 quidquid
1150 2467 1273 2504 acerbi
1292 2469 1361 2510 est,

207 2520 338 2558 Morte
356 2520 460 2571 pati3
487 2534 557 2559 nec
576 2534 637 2558 me
655 2521 884 2567 indecorem,
903 2534 1096 2571 germana,
1115 2520 1260 2558 videbis

207 2573 399 2624 Amplius.
455 2574 586 2621 Hunc,
605 2588 683 2621 oro,
703 2575 784 2612 sine
802 2587 863 2611 me
882 2574 1004 2612 furere
1023 2577 1113 2612 ante
1131 2573 1338 2612 furorem.”

209 2627 332 2675 Dixit,
353 2629 392 2666 et
412 2641 432 2666 e
452 2641 566 2665 curru
585 2627 728 2666 saltum
747 2626 854 2666 dedit
873 2627 976 2666 ocius
995 2628 1095 2666 arvis
1112 2644 1121 2675 3
