1705 2744
611 45 850 73 GEORGICON
869 45 952 71 LIB.
973 45 1041 71 ΙΙΙ.

188 144 477 194 Immanemque
495 144 631 188 rotam,
651 144 690 180 et
709 155 786 179 non
804 139 1058 191 exsuperabile
1078 153 1222 177 saxum.

189 198 344 236 Interea
361 197 563 248 Dryadum
581 196 693 234 silvas
712 195 905 244 saltusque
924 207 1125 244 sequamur

189 251 375 297 Intaetos,
393 254 473 296 tua,
492 251 692 296 Maecenas,
712 248 815 286 haud
833 248 963 286 mollia
974 248 1101 298 jussa:

187 304 243 342 Te
263 305 342 342 sine
360 304 415 341 nil
433 304 556 341 altum
574 317 681 340 mens
699 302 867 340 inchoat.
924 301 987 338 En
1005 314 1086 351 age,
1107 313 1240 351 segnes

187 358 340 408 Rumpe
358 371 505 404 moras3
533 359 645 395 vocat
663 355 813 407 ingenti
833 356 994 393 clamore
1015 354 1221 399 Cithaeron,

185 411 422 462 Taygetique
441 424 563 457 canes,
583 410 837 459 domitrixque
858 408 1073 458 Epidaurus
1093 420 1299 457 equorum3

185 465 242 502 Et
260 479 334 503 vox
353 479 507 503 assensu
523 478 723 502 nemorum
741 462 978 513 ingeminata
995 461 1174 512 remugit.

186 519 283 556 Mox
301 521 431 557 tamen
450 518 624 556 ardentes
644 517 819 567 accingar
837 516 959 553 dicere
977 528 1125 565 pugnas

187 572 356 619 Caesaris,
375 575 414 610 et
433 586 571 610 nomen
592 572 692 608 fama
709 573 772 608 tot
790 570 886 607 ferre
904 583 971 619 per
990 582 1120 615 annos,

187 626 349 663 Tithoni
367 626 490 676 prima
508 628 602 676 quot
621 626 728 662 abest
747 624 793 661 ab
812 623 957 673 origine
977 621 1114 659 Caesar.

240 679 315 717 Seu
334 680 430 730 quis,
450 679 680 730 Olympiacae
699 677 860 715 miratus
880 676 1036 726 praemia
1053 675 1201 726 palmae,

187 732 318 771 Pascit
336 747 462 784 equos,
485 746 550 770 seu
569 732 652 783 quis
671 732 787 769 fortes
807 730 855 768 ad
874 733 999 767 aratra
1011 729 1216 780 juvencos3

186 786 355 837 Corpora
373 786 561 837 praecipue
579 787 748 823 matrum
767 784 883 834 legat.
941 783 1098 833 Optima
1117 785 1238 820 torvae

187 839 330 878 Forma
347 840 467 886 bovis,
487 840 548 877 cui
565 841 678 889 turpe
697 840 823 888 caput,
844 837 904 874 cui
922 837 1086 887 plurima
1105 836 1242 883 cervix,

186 893 243 930 Et
262 907 415 932 crurum
433 896 545 931 tenus
565 906 587 930 a
605 894 735 930 mento
755 890 919 942 palearia
937 890 1104 940 pendent
1119 906 1128 938 3

185 947 286 984 Tum
305 947 420 997 longo
439 947 564 984 nullus
584 946 695 984 lateri
714 945 872 990 niodus3
901 943 1030 981 omnia
1048 957 1209 994 magna3

184 1000 258 1038 Pes
277 1001 405 1046 etiam,
425 1003 464 1038 et
484 999 645 1037 camuris
664 999 779 1036 hirtae
799 998 868 1036 sub
888 997 1065 1035 cornibus
1085 1011 1202 1035 aures.

183 1054 268 1091 Nec
286 1054 383 1091 mihi
401 1054 598 1104 displiceat
617 1053 774 1091 maculis
793 1051 953 1102 insignis
973 1054 1012 1088 et
1031 1052 1128 1097 albo,

182 1108 265 1145 Aut
278 1108 374 1159 juga
392 1108 619 1153 detrectans,
633 1106 901 1156 interdumque
920 1118 1052 1154 aspera
1069 1118 1198 1151 cornu,

182 1161 239 1199 Et
258 1161 393 1199 faciem
411 1164 522 1199 tauro
541 1161 715 1211 propior3
744 1172 902 1210 quaeque
921 1159 1039 1196 ardua
1057 1160 1154 1205 tota,

184 1215 240 1252 Et
258 1215 432 1266 gradiens
451 1215 528 1252 ima
545 1214 664 1252 verrit
681 1213 845 1263 vestigia
863 1212 993 1250 cauda.

183 1268 295 1306 AEtas
314 1269 500 1307 Lucinam
513 1268 714 1319 justosque
733 1267 814 1318 pati
832 1267 1052 1317 hymcnaeos

183 1322 337 1360 Desinit
357 1325 445 1360 ante
465 1323 605 1367 decem,
625 1323 713 1372 post
733 1322 897 1371 quatuor
915 1319 1050 1370 incipit
1070 1332 1210 1364 annos;

185 1375 321 1414 Cetera
338 1390 406 1415 nec
424 1377 560 1414 feturae
578 1375 726 1421 habilis,
745 1388 814 1412 nec
833 1373 943 1411 fortis
963 1372 1109 1411 aratris.

185 1428 349 1476 Interea,
369 1432 521 1480 superat
541 1429 720 1480 gregibus
740 1428 832 1465 dum
851 1427 941 1465 laeta
953 1427 1146 1478 juventas,

185 1482 296 1521 Solve
314 1497 457 1531 mares;
485 1484 599 1520 mitte
617 1483 657 1520 in
677 1482 864 1520 Venerem
882 1480 1056 1531 pecuaria
1074 1480 1231 1530 primus,

185 1536 315 1586 Atque
335 1537 446 1574 aliam
465 1550 510 1575 ex
529 1537 602 1574 alia
619 1535 833 1587 generando
853 1535 979 1572 suffice
998 1534 1154 1584 prolem.

186 1589 344 1639 Optima
362 1603 519 1641 quaeque
539 1590 618 1627 dies
637 1589 783 1627 miseris
802 1588 1028 1625 mortalibus
1048 1587 1119 1624 aevi

184 1642 317 1680 Prima
335 1644 458 1694 fugit3
486 1644 651 1681 subeunt
669 1643 792 1680 morbi
810 1642 1008 1691 tristisque
1028 1642 1200 1678 senectus
1215 1655 1223 1685 3

184 1696 240 1733 Et
258 1697 364 1734 labor
382 1700 421 1734 et
440 1697 544 1734 durae
562 1697 662 1747 rapit
680 1695 922 1734 inelementia
941 1694 1089 1732 mortis.

183 1749 340 1800 Semper
359 1752 482 1797 erunt,
497 1764 657 1801 quarum
675 1749 817 1787 mutari
835 1761 991 1798 corpora
1009 1747 1118 1785 malis
1136 1763 1144 1792 ;

184 1803 340 1854 Semper
359 1804 460 1842 enim
478 1804 599 1850 refice,
619 1817 673 1850 ac,
692 1816 740 1841 ne
757 1805 846 1853 post
865 1802 1002 1839 amissa
1019 1800 1197 1851 requiras,

183 1857 386 1904 Anteveni,
406 1860 446 1896 et
465 1857 636 1895 subolem
655 1859 827 1895 armento
847 1855 982 1893 sortire
1001 1854 1215 1905 quotannis,

236 1911 319 1949 Nec
338 1925 416 1949 non
435 1914 474 1949 et
492 1911 618 1961 pecori
636 1913 695 1948 est
713 1910 814 1948 idem
833 1910 993 1947 dilectus
1013 1908 1160 1958 equino.

188 1964 249 2002 Tu
265 1965 390 2012 modo,
410 1978 503 2016 quos
522 1965 562 2002 in
581 1978 685 2015 spem
705 1966 850 2001 statues
869 1962 1094 2000 submittere
1112 1960 1250 2012 gentis,

183 2018 424 2069 Praecipuum
438 2018 519 2069 jam
537 2018 625 2056 inde
644 2032 666 2055 a
684 2017 824 2055 teneris
843 2016 1019 2067 impende
1038 2016 1220 2053 laborem.

184 2071 376 2110 Continuo
394 2072 538 2123 pecoris
557 2071 729 2123 generosi
747 2071 872 2122 pullus
890 2071 931 2107 in
950 2069 1048 2107 arvis

181 2126 310 2163 Altius
329 2126 553 2177 ingreditur,
573 2128 612 2164 et
630 2125 761 2163 mollia
779 2138 887 2162 crura
904 2123 1066 2174 reponit.

183 2178 335 2217 Primus
354 2183 393 2218 et
412 2180 465 2218 ire
483 2180 596 2226 viam,
617 2182 656 2217 et
674 2179 809 2216 fluvios
828 2179 978 2216 tentare
997 2177 1162 2214 minaces

185 2233 325 2279 Audet,
345 2236 384 2272 et
402 2234 537 2284 ignoto
557 2246 636 2271 sese
656 2232 896 2270 committere
915 2230 1038 2282 ponti,

184 2286 266 2324 Nec
284 2301 401 2325 vanos
420 2289 550 2325 horret
569 2287 763 2337 strepitus.
820 2286 884 2323 Illi
903 2285 1020 2323 ardua
1038 2283 1176 2329 cervix,

184 2339 452 2392 Argutumque
471 2343 596 2392 caput,
615 2340 740 2378 brevis
759 2339 878 2386 alvus,
898 2340 1084 2388 obesaque
1102 2339 1214 2387 terga
1230 2352 1238 2381 ;

184 2391 444 2445 Luxuriatque
462 2395 557 2432 toris
576 2395 790 2432 animosum
809 2395 954 2444 pectus.
1011 2391 1182 2429 Honesti

186 2445 370 2496 Spadices,
389 2449 611 2499 glaucique3
640 2448 743 2486 color
762 2447 990 2485 deterrimus
1010 2445 1104 2483 albis

185 2499 242 2536 Et
259 2501 371 2550 gilvo.
428 2502 540 2549 Tum,
560 2502 592 2539 si
611 2515 686 2551 qua
703 2515 841 2539 sonum
860 2499 992 2551 procul
1011 2511 1116 2536 arma
1134 2497 1280 2543 dedere,

186 2551 294 2592 Stare
311 2554 392 2594 loco
410 2556 543 2604 nescit,
561 2555 680 2594 micat
699 2554 864 2602 auribus,
884 2556 923 2592 et
941 2553 1075 2591 tremit
1095 2554 1212 2598 artus,

1410 34 1460 72 67
