1705 2744
242 85 264 124 7
269 87 292 124 8
649 97 683 123 P.
694 96 889 123 >V11m11211
908 97 1097 125 MARONIS

241 191 538 242 Extremamque
557 192 672 241 sequi,
691 195 758 230 aut
777 193 899 230 medio
917 194 1160 243 procumbere
1178 206 1311 244 campo

242 245 478 291 Pascentem,
497 248 536 283 et
556 259 646 283 serae
665 246 783 283 solam
802 246 976 284 decedere
995 247 1120 284 nocti:

241 298 433 336 Continuo
453 299 601 349 culpam
620 299 715 336 ferro
735 313 937 349 compesce,
957 300 1059 349 prius
1079 313 1189 349 quam

241 351 337 388 Dira
354 366 420 402 per
437 351 633 389 incautum
653 355 804 402 serpant
823 354 999 401 contagia
1016 353 1165 403 vulgus.

242 404 333 441 Non
351 409 432 442 tam
451 406 577 442 creber
595 419 708 455 agens
728 405 890 443 hiemem
908 406 987 443 ruit
1005 419 1153 455 aequore
1171 405 1297 450 turbo,

242 458 364 503 Quam
384 458 514 495 multae
533 459 718 508 pecudum
737 461 859 508 pestes
877 475 884 495 :
913 472 981 495 nec
999 459 1148 509 singula
1166 457 1289 496 morbi

242 512 407 561 Corpora
426 512 643 561 corripiunt,
663 511 727 549 sed
745 513 829 548 tota
847 511 980 548 aestiva
997 515 1161 561 repente,

241 563 427 613 Spemque
445 578 671 614 gregemque
690 564 813 609 simul,
833 567 1081 613 cunctamque
1101 566 1146 602 ab
1166 564 1309 615 origine
1328 565 1494 615 gentem.

241 617 342 654 Tum
360 618 465 663 sciat,
483 618 601 655 aerias
620 618 735 667 Alpes
754 620 792 654 et
811 617 953 654 Norica
971 617 1002 654 si
1021 618 1103 666 quis

241 670 405 707 Castella
423 671 462 707 in
481 671 649 716 tumulis,
670 673 708 708 et
729 670 883 720 Iapydis
903 684 991 708 arva
1010 670 1171 716 Timavi,

240 723 356 760 Nunc
375 737 521 773 quoque
540 726 626 773 post
645 726 755 761 tanto
774 724 911 770 videat,
931 724 1151 773 desertaque
1169 737 1287 773 regna

241 776 457 823 Pastorum,
477 780 515 814 et
534 777 645 827 longe
665 777 782 814 saltus
799 777 948 826 lateque
966 780 1155 814 vacantes.

295 830 370 867 Hic
391 831 579 880 quondam
598 831 728 868 morbo
748 830 831 868 coeli
849 830 1061 868 miseranda
1079 831 1210 868 coorta
1228 831 1286 867 est

241 883 472 933 Tempestas,
491 886 649 932 totoque
668 883 863 921 auctumni
880 883 1077 921 incanduit
1096 885 1205 928 aestu,

240 936 296 973 Et
314 950 434 986 genus
453 951 563 974 omne
581 937 663 974 neci
681 937 870 987 pecudum
888 937 1004 983 dedit,
1024 950 1134 974 omne
1152 936 1338 981 ferarum3

241 988 493 1039 Corrupitque
510 991 613 1027 lacus
630 1007 637 1036 3
665 990 795 1028 infecit
813 990 950 1040 pabula
966 990 1068 1027 tabo.

239 1042 322 1080 Nec
340 1044 401 1080 via
419 1044 552 1081 mortis
572 1046 651 1081 erat
671 1043 849 1093 simplex3
878 1044 943 1081 sed
960 1043 1027 1080 ubi
1045 1043 1156 1093 ignea
1172 1042 1279 1080 venis

240 1095 425 1133 Omnibus
444 1099 529 1134 acta
547 1097 629 1134 sitis
649 1097 802 1134 miseros
822 1097 1029 1134 adduxerat
1048 1098 1164 1142 artus,

239 1148 388 1186 Rursus
409 1150 625 1187 abundabat
644 1150 782 1187 fluidus
801 1150 935 1199 liquor,
955 1149 1155 1199 omniaque
1173 1148 1213 1185 in
1232 1161 1270 1185 se

239 1202 334 1239 Ossa
352 1203 575 1240 minutatim
595 1204 725 1240 morbo
744 1203 905 1252 collapsa
922 1203 1110 1239 trahebat.

238 1255 344 1305 Saepe
363 1256 402 1292 in
420 1257 561 1294 honore
581 1256 693 1293 deum
712 1256 835 1293 medio
854 1259 958 1293 stans
972 1255 1098 1293 hostia
1115 1255 1163 1292 ad
1181 1268 1295 1301 aram,

237 1308 366 1346 Lanea
385 1309 477 1346 dum
490 1309 600 1347 nivea
618 1309 874 1346 circumdatur
891 1309 1011 1346 infula
1027 1309 1135 1353 vitta,

240 1361 349 1398 Inter
368 1365 587 1400 cunctantes
607 1363 741 1400 cecidit
760 1362 985 1399 moribunda
1003 1361 1208 1398 ministros.

237 1415 320 1451 Aut
339 1415 370 1452 si
390 1429 504 1464 quam
523 1416 619 1453 ferro
638 1418 870 1453 mactaverat
889 1418 977 1452 ante
997 1415 1178 1459 sacerdos,

238 1467 334 1505 Inde
354 1482 475 1518 neque
493 1469 680 1519 impositis
700 1469 833 1506 ardent
852 1468 985 1505 altaria
1002 1468 1117 1512 fibris,

237 1521 320 1559 Nec
338 1535 515 1572 responsa
533 1525 660 1572 potest
678 1522 873 1560 consultus
892 1522 1044 1559 reddere
1063 1523 1190 1566 vatesg

234 2264 290 2300 Ac
309 2263 373 2299 vix
392 2263 578 2312 suppositi
596 2263 804 2313 tinguntur
823 2263 1006 2313 sanguine
1026 2261 1150 2307 cultri,

234 2316 465 2364 Summaque
478 2316 609 2366 jejuna
627 2317 728 2354 sanie
747 2317 957 2353 infuscatur
976 2329 1098 2353 arena.

233 2369 338 2405 Hinc
358 2369 455 2406 laetis
474 2369 587 2406 vituli
605 2370 720 2420 vulgo
739 2370 952 2407 moriuntur
969 2369 1009 2406 in
1027 2368 1153 2405 herbis

233 2422 288 2459 Et
308 2422 434 2459 dulces
454 2423 597 2459 animas
616 2423 727 2473 plena
745 2423 791 2460 ad
810 2422 989 2472 praesepia
1007 2422 1185 2459 reddunt.

233 2475 338 2512 Hinc
358 2476 512 2512 canibus
531 2476 676 2513 blandis
695 2476 815 2513 rabies
834 2476 950 2521 venit,
970 2478 1009 2513 et
1029 2475 1155 2524 quatit
1174 2485 1294 2523 aegros

233 2529 364 2565 Tussis
383 2529 517 2565 anhela-
535 2543 619 2566 sues
639 2543 680 2566 ac
700 2529 870 2566 faucibus
889 2529 997 2579 angit
1016 2528 1149 2566 obesis.

233 2581 395 2619 Labitur
414 2582 544 2619 infelix
563 2583 777 2620 studiorum
797 2585 910 2632 atque
928 2582 1126 2620 immemor
1144 2579 1281 2626 herbae,
