1705 2744
645 108 885 136 GEonercox
903 107 986 133 Lm.
1007 107 1036 133 1.
1422 97 1473 133 39

208 205 378 257 Septima
395 206 482 256 post
501 204 685 243 decimam
704 204 804 250 felix,
824 205 863 241 et
881 216 1018 253 ponere
1037 202 1168 249 vitem,

208 260 263 297 Et
282 272 436 310 prensos
456 259 641 296 domitare
658 259 785 304 boves,
805 259 844 294 et
862 257 948 294 licia
965 256 1050 293 telae

206 313 369 350 Addere.
423 312 540 350 Nona
556 312 658 362 fugae
678 311 822 357 melior,
842 309 1029 348 contraria
1047 309 1172 346 furtis.

261 366 392 403 Multa
410 366 502 403 adeo
522 365 646 416 gelida
663 364 798 402 melius
818 377 856 401 se
876 365 988 401 nocte
1007 362 1152 409 dedere,

207 420 290 457 Aut
310 433 428 470 quum
447 420 523 456 sole
542 432 640 456 novo
659 421 779 456 terras
798 418 935 454 irrorat
955 417 1071 453 Eous.

209 473 336 511 'Nocte
354 473 455 510 leves
472 472 607 510 melius
627 472 791 521 stipulae,
811 473 923 508 nocte
942 469 1046 507 arida
1063 472 1173 520 prata

208 526 455 572 Tondentur;
482 528 613 563 noctes
631 525 758 562 lentus
777 538 855 561 non
874 523 1001 561 deficit
1020 523 1168 560 humor.

209 581 265 617 Et
285 580 439 630 quidam
458 593 558 616 seros
578 579 726 616 hiberni
746 578 793 615 ad
811 577 965 614 luminis
983 577 1090 627 ignes

210 633 431 683 Pervigilat,
451 633 622 683 ferroque
642 632 740 669 faces
759 631 920 681 inspicat
939 634 1050 667 acuto
1066 647 1074 677 3

211 687 364 724 Interea
381 686 541 736 longum
560 688 676 723 cantu
695 685 814 722 solata
832 684 1000 721 laborem

210 741 363 790 Arguto
383 740 520 790 conjux
539 739 724 789 percurrit
743 738 891 788 pectine
910 737 1028 782 telas3

210 796 293 830 Aut
312 793 431 830 dulcis
450 793 569 830 musti
587 793 757 829 Vulcano
776 791 952 841 decoquit
971 790 1170 827 humorem

212 847 268 884 Et
288 846 386 883 foliis
406 846 548 883 undam
567 845 706 895 trepidi
725 845 924 894 despumat
944 844 1066 881 aheni.

264 900 320 937 At
340 899 549 937 rubicunda
568 898 678 936 Ceres
698 898 823 935 medio
843 897 1050 934 succiditur
1069 899 1185 943 aestu3

212 953 267 990 Et
286 953 409 990 medio
428 954 550 990 tostas
571 954 670 989 aestu
688 952 780 989 terit
800 965 885 988 area
903 952 1042 1000 fruges.

211 1007 349 1043 Nudus
369 1019 444 1052 ara,
464 1019 543 1043 sere
561 1005 685 1042 nudus
701 1022 708 1051 ;
737 1005 858 1042 hiems
878 1005 1017 1055 ignava
1036 1003 1179 1041 colono.

211 1059 436 1109 Frigoribus
454 1061 564 1109 parto
584 1059 759 1109 agricolae
779 1058 1001 1108 plerumque
1019 1057 1210 1103 fruuntur,

210 1112 427 1162 Mutuaque
445 1112 546 1150 inter
564 1126 602 1150 se
621 1112 705 1150 laeti
724 1112 897 1150 convivia
915 1113 1060 1148 curant.

211 1166 362 1203 Invitat
381 1166 538 1215 genialis
558 1166 680 1203 hiems
699 1179 880 1215 curasque
899 1164 1076 1202 resolvit:

211 1220 290 1256 Ceu
309 1233 447 1269 pressae
468 1233 585 1270 quum
598 1219 680 1269 jam
698 1221 853 1269 portum
871 1218 1032 1268 tetigere
1053 1217 1204 1263 carinae,

211 1273 407 1323 Puppibus
427 1275 466 1310 et
484 1273 562 1310 laeti
581 1275 706 1310 nautae
726 1273 936 1322 imposuere
955 1284 1122 1309 coronas.

213 1326 286 1364 Sed
303 1329 434 1363 tamen
453 1328 492 1364 et
511 1340 670 1376 quernas
690 1326 845 1376 glandes
865 1328 952 1362 tum
971 1325 1158 1374 stringere
1177 1326 1341 1374 tempus,

213 1380 268 1417 Et
286 1379 381 1417 lauri
399 1380 542 1426 baccas,
563 1380 767 1429 oleamque,
788 1381 1017 1428 cruentaque
1036 1381 1186 1428 myrta;

213 1433 313 1470 Tum
332 1433 488 1483 gruibus
506 1433 654 1484 pedicas
675 1437 713 1470 et
732 1433 828 1470 retia
846 1445 984 1482 ponere
1003 1432 1133 1477 cervis,

214 1487 445 1536 Auritosque
464 1487 569 1537 sequi
587 1486 754 1537 lepores,
781 1488 867 1523 tum
887 1486 1003 1536 figere
1022 1485 1163 1530 damas,

215 1539 383 1590 Stuppea
400 1542 643 1590 torquentem
662 1540 830 1577 Balearis
849 1541 1004 1576 verbera
1022 1538 1150 1575 fundae
1165 1554 1172 1575 :

216 1593 341 1639 Quum
360 1593 426 1630 nix
445 1594 522 1631 alta
534 1594 648 1644 jacet,
668 1593 827 1643 glaciem
846 1606 964 1642 quum
982 1591 1140 1628 flumina
1157 1591 1333 1628 trudunt.

269 1645 370 1693 Quid
387 1649 635 1697 tempestates
655 1646 851 1684 auctumni
870 1650 908 1683 et
928 1645 1050 1683 sidera
1068 1643 1222 1682 dicam?

215 1699 357 1749 Atque,
378 1700 443 1738 ubi
456 1701 538 1750 jam
555 1700 776 1750 breviorque
795 1699 874 1736 dies
893 1701 932 1736 et
951 1698 1102 1736 mollior
1121 1700 1244 1743 aestas,

217 1753 308 1799 Quae
327 1753 519 1804 vigilanda
536 1753 626 1790 viris
642 1753 658 1791 Ρ
678 1753 739 1790 vel
757 1766 875 1802 quum
892 1752 971 1789 ruit
990 1751 1226 1789 imbriferum
1244 1764 1322 1796 ver,

217 1806 348 1855 Spicea
361 1808 443 1857 jam
462 1806 602 1856 campis
622 1820 736 1856 quum
756 1806 888 1843 messis
906 1805 1107 1850 inhorruit,
1128 1808 1166 1841 et
1187 1818 1305 1854 quum

215 1859 428 1899 Frumenta
444 1860 485 1897 in
503 1860 615 1897 viridi
634 1859 774 1909 stipula
792 1859 974 1896 lactentia
991 1860 1152 1908 turgent
1166 1856 1184 1896 P

217 1912 321 1963 Saepe
341 1927 422 1964 ego,
442 1927 561 1963 quum
579 1913 685 1950 flavis
704 1926 907 1950 messorem
924 1912 1120 1949 induceret
1139 1910 1237 1948 arvis

216 1967 405 2016 Agricola,
426 1971 465 2004 et
484 1967 609 2017 fragili
622 1966 703 2017 jam
723 1966 928 2016 stringeret
946 1965 1087 2003 hordea
1105 1965 1241 2010 culmo,

217 2019 356 2058 Omnia
374 2023 578 2058 Ventorum
597 2033 815 2057 concurrere
835 2019 966 2070 proelia
983 2019 1084 2065 vidi3

218 2073 310 2119 Quae
330 2074 527 2124 gravidam
545 2074 621 2111 late
641 2076 809 2124 segetem
828 2073 874 2110 ab
893 2072 1080 2110 radicibus
1099 2071 1185 2108 imis

217 2126 385 2165 Sublime
404 2127 598 2177 expulsam
616 2128 811 2164 eruerent:
839 2126 895 2163 ita
912 2126 1065 2163 turbine
1082 2125 1193 2176 nigro

217 2179 352 2218 Ferret
371 2181 492 2219 hiems
512 2180 753 2230 culmumque
770 2180 893 2218 levem
911 2179 1146 2229 stipulasque
1164 2178 1348 2216 volantes.

218 2233 321 2283 Saepe
341 2234 457 2272 etiam
474 2234 704 2271 immensum
722 2234 815 2271 coelo
834 2233 940 2271 venit
959 2246 1096 2284 agmen
1116 2245 1309 2282 aquarum,

218 2286 273 2324 Et
292 2287 433 2325 foedam
451 2288 665 2338 glomerant
682 2290 954 2337 tempestatem
972 2286 1157 2324 imbribus
1176 2286 1269 2323 atris

219 2339 397 2378 Collectae
418 2355 463 2379 ex
482 2341 559 2379 alto
578 2341 720 2387 nubes3
746 2340 826 2378 ruit
845 2341 983 2378 arduus
1005 2340 1138 2386 aether,

218 2393 275 2430 Et
292 2394 420 2444 pluvia
437 2394 586 2445 ingenti
605 2397 688 2432 sata
703 2395 797 2432 laeta
813 2395 1003 2444 boumque
1020 2393 1167 2431 labores

220 2445 369 2494 Diluit3
396 2447 603 2498 implentur
620 2448 744 2494 fossae,
764 2450 803 2485 et
822 2461 914 2485 cava
930 2447 1090 2484 flumina
1107 2447 1281 2484 crescunt

220 2498 318 2536 Cum
337 2501 476 2549 sonitu,
494 2501 688 2551 fervetque
706 2501 814 2539 fretis
833 2501 1065 2551 spirantibus
1083 2512 1224 2550 aequor.

221 2551 309 2602 Ipse
328 2553 456 2601 Pater,
475 2555 600 2592 media
616 2555 834 2592 nimborum
852 2555 892 2591 in
910 2556 1034 2600 nocte,
1054 2566 1209 2591 corusca

222 2605 400 2645 Fulmina
417 2608 574 2646 molitur
592 2609 746 2647 dextra:
775 2621 849 2658 quo
867 2607 1034 2645 maxima
1051 2610 1164 2645 motu
