1705 2744
262 103 339 140 180
666 113 701 139 1².
721 111 907 138 naemu
925 110 1113 138 MAaoms

262 207 487 244 Exstinctus
506 206 637 257 pudor,
657 209 707 252 et,
727 220 800 255 qua
819 205 897 243 sola
915 205 1035 243 sidera
1053 205 1213 251 adibam,

262 260 382 297 Fama
400 260 520 309 prior:
550 260 609 297 cui
629 273 687 296 mc
705 259 968 296 moribundam
986 258 1133 304 deseris,
1152 257 1317 308 hospes?

262 313 350 350 Hoc
371 313 491 349 solum
510 326 646 349 nomen
667 312 841 361 quoniam
861 311 906 349 de
925 311 1082 361 conjuge
1101 313 1257 361 restat?

263 366 364 412 Quid
382 379 507 403 moror
523 365 540 402 ¹?
569 378 615 402 an
635 378 718 402 mea
737 364 961 414 Pygmalion
981 364 1071 400 dum
1090 364 1228 401 moenia
1246 364 1361 401 frater

263 419 460 463 Destruat,
479 420 545 455 aut
565 420 713 467 captam
733 417 845 454 ducat
865 416 1038 454 Gaetulus
1059 415 1220 454 Iarbas?

264 471 408 509 Saltem
428 471 458 507 si
478 484 551 520 qua
568 470 662 507 mihi
681 470 726 508 de
744 472 784 508 te
803 471 976 519 suscepta
993 469 1125 506 fuisset

264 526 367 561 Ante
387 524 515 573 sugam
535 523 704 569 suboles3
732 523 764 560 si
782 523 863 572 quis
882 522 977 558 mihi
994 521 1172 572 parvulus
1192 521 1276 558 aula

265 577 431 614 Luderet
451 576 600 622 AEneas,
619 576 683 625 qui
700 578 740 613 te
757 578 886 612 tamen
906 588 968 612 ore
987 575 1153 620 referret,

265 630 356 667 Non
375 630 546 678 equidem
566 629 718 666 omnino
737 632 848 678 capta
866 641 907 665 ac
926 628 1073 665 deserta
1090 626 1274 664 viderer.'’

318 682 490 719 Dixerat.
546 682 616 719 Ille
636 681 662 718 J
665 681 744 719 ovis
763 681 917 718 monitis
935 680 1096 718 immota
1112 680 1266 717 tenebat

267 735 441 780 Lumina,
456 737 495 772 et
514 735 671 772 obnixus
691 748 818 772 curam
838 734 906 770 sub
925 733 1034 770 corde
1053 732 1258 783 premebat.

267 788 436 825 Tandem
454 801 571 838 pauca
589 788 702 825 refert
717 804 724 824 :
753 790 774 806 ‘⁶
788 787 873 837 Ego
891 788 943 832 te,
963 799 1047 836 quae
1064 785 1226 836 plurima
1243 784 1355 822 fando

266 841 498 878 Enumerare
517 841 628 887 vales,
647 853 851 890 nunquam,
870 839 1030 889 Regma,
1049 838 1194 889 negabo

267 893 540 940 Promeritam3
568 907 635 931 nec
653 907 714 930 me
732 892 944 930 meminisse
962 891 1107 942 pigebit
1126 891 1273 936 Elissae,

266 946 373 983 Dum
391 960 535 984 memor
552 946 630 996 ipse
649 946 734 993 mei,
754 946 845 982 dum
864 945 1017 995 spiritus
1035 945 1104 982 hos
1123 944 1223 994 regit
1242 945 1357 980 artus.

267 999 343 1037 Pro
362 1013 400 1037 re
419 1013 536 1050 pauca
553 1000 694 1049 loquar.
751 999 886 1048 Neque
904 1011 973 1048 ego
991 998 1088 1035 hanc
1107 996 1330 1034 abscondere
1348 996 1450 1033 furto

267 1052 432 1102 Speravi,
450 1066 497 1090 ne
516 1053 628 1103 finge,
646 1053 798 1102 fugam3
824 1064 893 1089 nec
912 1050 1081 1100 conjugis
1099 1063 1266 1100 unquam

268 1105 461 1143 Praetendi
480 1106 608 1152 taedas,
628 1108 694 1142 aut
712 1105 793 1142 haec
811 1104 851 1141 in
870 1104 1009 1141 foedera
1026 1103 1124 1140 veni.

268 1158 335 1196 Me
355 1159 386 1196 si
404 1159 483 1195 fata
501 1159 593 1196 meis
611 1160 831 1208 paterentur
850 1157 982 1194 ducere
1001 1156 1121 1193 vitam

267 1211 467 1261 Auspiciis,
487 1214 525 1248 et
545 1213 677 1261 sponte
696 1224 781 1248 mea
799 1222 1018 1260 componere
1037 1222 1154 1254 curas,

267 1264 414 1302 Urbem
433 1264 635 1314 Trojanam
654 1264 818 1313 primum
837 1263 1034 1312 dulcesque
1052 1274 1222 1298 meorum

268 1317 460 1366 Reliquias
480 1317 659 1363 colerem3
689 1316 831 1353 Priami
848 1318 952 1353 tecta
969 1315 1047 1352 alta
1065 1316 1272 1360 manerent,

268 1369 323 1406 Et
342 1370 504 1407 recidiva
522 1384 636 1407 manu
655 1369 860 1419 posuissem
880 1368 1065 1418 Pergama
1082 1367 1203 1404 victis.

268 1423 341 1460 Sed
359 1437 459 1471 nunc
479 1423 632 1460 Italiam
652 1435 829 1472 magnam
848 1421 1022 1471 Gryneus
1041 1420 1188 1469 Apollo,

268 1475 422 1512 Italiam
441 1476 572 1525 Lyciae
583 1476 726 1526 jussere
745 1487 931 1524 capessere
950 1476 1080 1510 sortes.

268 1528 347 1566 Hic
366 1542 480 1574 amor,
499 1529 580 1565 haec
599 1528 720 1578 patria
738 1531 807 1565 est.
863 1527 901 1563 Si
921 1529 960 1563 te
980 1524 1220 1575 Carthaginis
1240 1536 1352 1569 arces,

268 1581 517 1627 Phoenissam‚
538 1581 765 1631 Libycaeque
784 1581 955 1629 aspectus
974 1579 1119 1616 detinet
1138 1577 1252 1623 urbis,

269 1634 362 1680 Quae
380 1635 545 1680 tandem,
565 1634 733 1671 Ausonia
751 1633 914 1670 Teucros
933 1632 1122 1669 considere
1140 1632 1252 1675 terra,

268 1687 419 1724 Invidia
437 1690 494 1724 est
509 1687 526 1725 Ρ
582 1687 636 1724 Et
655 1700 723 1724 nos
742 1686 796 1723 fas
817 1688 944 1723 extera
962 1697 1124 1734 quaerere
1142 1695 1270 1732 regna.

266 1739 334 1777 Me
352 1740 470 1790 patris
490 1740 677 1785 Anchisae,
698 1739 850 1789 quoties*
862 1738 1108 1775 humentibus
1128 1735 1270 1773 umbris

266 1792 356 1829 Nox
375 1793 496 1842 operit
514 1795 644 1838 terras,
664 1793 810 1842 quoties
830 1794 930 1828 astra
948 1791 1058 1840 ignea
1076 1791 1252 1839 surgunt,

267 1845 459 1883 Admonet
479 1846 518 1882 in
539 1845 678 1883 somnis
698 1848 737 1883 et
756 1845 910 1882 turbida
927 1846 1045 1880 terret
1063 1843 1211 1892 imag03

268 1897 335 1935 Me
354 1912 446 1947 puer
465 1899 660 1944 Ascanius,
680 1898 887 1948 capitisque
905 1896 1043 1946 injuria
1061 1895 1149 1941 cari,

270 1950 391 1996 Quem
410 1965 525 2001 regno
546 1951 741 2001 Hesperiae
759 1950 891 1987 fraudo
910 1952 948 1987 et
966 1949 1144 1986 fatalibus
1163 1946 1272 1984 arvis.

269 2003 385 2040 Nunc
404 2005 519 2041 etiam
538 2004 720 2054 interpres
740 2004 882 2048 divum,
903 2002 1000 2039 Jove
1019 2002 1155 2039 missus
1175 2000 1220 2036 ab
1238 1999 1331 2048 ipso,

274 2055 427 2104 (Testor
447 2060 651 2105 utrumque
671 2056 803 2106 caput)
827 2056 961 2093 celeres
979 2054 1159 2091 mandata
1176 2065 1242 2101 per
1260 2063 1367 2088 auras

272 2108 435 2145 Detulit.
492 2109 579 2158 Ipse
599 2109 711 2146 deum
730 2108 930 2145 manifesto
948 2107 988 2143 in
1006 2106 1148 2143 lumine
1168 2104 1245 2140 vidi

270 2161 485 2198 Intrantem
504 2175 643 2206 muros,
663 2174 866 2209 vocemque
885 2160 944 2196 his
963 2158 1115 2195 auribus
1134 2157 1258 2194 hausi.

268 2213 408 2251 Desine
427 2228 561 2264 meque
579 2214 657 2251 tuis
676 2213 872 2250 incendere
891 2215 1004 2260 teque
1024 2210 1182 2261 querelis
1198 2226 1206 2255 3

270 2266 425 2328 Iytliam
443 2281 519 2304 non
539 2270 671 2317 sponte
690 2265 862 2315 sequor.”

294 2331 299 2335 ”
323 2320 429 2356 Talia
449 2320 634 2357 (licentem
648 2319 873 2369 jamdudum
893 2330 1021 2354 aversa
1038 2317 1183 2360 tuetur,

271 2372 362 2410 Huc
381 2373 469 2410 illuc
489 2374 640 2410 volvens
660 2372 798 2417 oculos,
816 2373 1019 2419 totumque
1037 2370 1203 2418 pererrat

272 2425 498 2462 Luminibus
517 2426 656 2472 tacitis,
675 2427 714 2463 et
733 2425 784 2461 sic
804 2436 958 2461 accensa
974 2423 1167 2472 profatur:

271 2481 292 2497 “
308 2479 390 2515 Nec
409 2479 481 2516 tibi
500 2479 585 2516 diva
603 2491 746 2529 parens,
766 2476 911 2527 generis
930 2489 997 2512 nec
1017 2474 1218 2520 Dardanus
1238 2474 1381 2518 auctor,

271 2530 440 2577 Perfide;
470 2532 534 2569 sed
553 2532 655 2569 duris
675 2531 808 2581 genuit
827 2532 866 2567 te
885 2528 1059 2566 cautibus
1078 2528 1234 2564 horrens

272 2583 472 2632 Caucasus,
492 2585 757 2636 Hyrcanaeque
776 2583 978 2621 admorunt
997 2581 1112 2618 ubera
1129 2580 1258 2630 tigres.
