1705 2744
343 42 357 53 A
392 49 395 52 ⁴
416 50 418 52 .

213 67 300 104 1061
398 80 401 84 ’
624 80 658 106 P.
679 80 864 107 VIRGILII
884 81 1072 110 MARoNis

264 124 269 141 k
358 130 362 143 .’

211 171 266 208 Et
285 171 359 209 sale
377 172 550 210 tabentes
570 176 673 211 artus
692 174 731 212 in
750 175 867 214 latore
885 179 1045 226 ponunt.

210 225 267 262 Ac
286 225 451 274 primum
470 226 563 264 silici
583 227 786 265 scintillam
805 230 956 267 excudit
976 231 1153 278 Achates,

211 277 455 328 Suscepitque
474 279 602 329 ignem
620 281 730 327 soliis,
751 284 863 331 atque
883 283 986 320 arida
1004 284 1145 321 circum

211 330 461 369 Nutrimenta
479 333 594 379 dedit,
614 334 812 384 rapuitque
832 335 871 371 in
890 336 1021 373 fomite
1041 337 1244 375 flammam.

211 383 311 420 Tum
331 384 503 422 Cererem
522 389 737 436 corruptam
755 388 865 424 undis
886 388 1122 439 Cerealiaque
1142 404 1245 428 arma

211 437 442 486 Expediimt,
461 438 547 475 fessi
565 452 711 485 rerum,
739 440 938 490 frugesque
957 446 1125 492 receptas

211 489 266 526 Et
285 493 427 528 torrere
446 494 580 541 parant
599 492 760 529 flammis
780 496 818 530 et
837 494 1008 543 frangere
1028 508 1128 533 saxo.

264 543 402 580 AEneas
422 545 616 594 scopulum
635 545 779 583 interea
797 548 1024 594 conscendit,
1045 551 1083 585 et
1102 562 1252 586 omnem

211 595 460 645 Prospectum
479 597 555 635 late
574 598 706 648 pelago
725 598 835 648 petit,
855 600 1010 637 Anthea
1029 601 1060 637 si
1079 615 1191 651 quem

211 648 238 685 J
241 651 411 686 actatum
429 652 544 688 vento
563 651 700 697 videat,
722 651 982 702 Phrygiasque
1001 654 1173 700 biremes,

210 702 292 739 Aut
312 702 455 753 Capyn,
474 706 540 740 aut
560 704 666 741 celsis
684 704 724 741 in
743 705 929 755 puppibus
949 719 1052 744 arma
1072 706 1188 744 Caici.

211 755 361 792 Navem
379 756 418 793 in
437 760 640 806 conspectu
658 757 812 805 nullam,
831 761 908 796 tres
926 759 1037 797 litore
1056 773 1183 798 cervos

212 807 400 858 Prospicit
419 813 607 857 errantes3
635 810 704 848 hos
723 813 808 848 tota
826 814 997 849 armenta
1016 816 1226 863 sequuntur

210 861 247 897 A
265 863 386 911 tergo,
406 864 444 899 et
462 862 619 913 lOngum
638 878 704 913 per
722 864 837 902 valles
856 865 1023 915 pascitur
1042 879 1190 915 agmen.

212 913 398 952 Constitit
417 915 490 962 hic,
510 930 711 967 arcumque
730 931 845 954 manu
864 918 1072 969 celeresque
1091 920 1252 970 sagittas

212 966 414 1017 Corripuit,
434 969 531 1006 fidus
551 983 633 1020 quae
652 970 728 1008 tela
746 971 901 1020 gerebat
920 972 1087 1009 Achates
1103 989 1110 1019 3

210 1020 472 1071 Ductoresque
491 1022 590 1072 ipsos
610 1023 786 1073 primum,
806 1024 930 1074 capita
949 1024 1027 1062 alta
1045 1026 1208 1063 ferentes

212 1072 397 1111 Cornibus
416 1075 590 1122 arboreis,
610 1077 757 1123 sternit,
776 1079 862 1114 tum
880 1078 1039 1128 vulgus;
1068 1080 1106 1116 et
1125 1092 1277 1117 omnem

210 1125 351 1164 Miscet
371 1141 484 1178 agens
503 1129 589 1166 telis
607 1143 761 1167 nemora
778 1130 878 1168 inter
897 1131 1051 1168 frondea
1069 1132 1234 1170 turbam.

210 1178 293 1217 Nec
312 1180 415 1230 prius
435 1181 596 1228 absistit,
616 1196 730 1232 quam
749 1186 894 1233 septem
912 1184 1084 1234 ingentia
1101 1185 1224 1223 victor

212 1231 379 1283 Corpora
396 1234 532 1272 fundat
550 1235 669 1282 humi,
689 1238 728 1273 et
747 1250 947 1274 numerum
967 1251 1052 1274 cum
1071 1238 1230 1276 navibus
1250 1241 1385 1289 aequet.

211 1284 317 1323 Hinc
337 1289 490 1335 portum
509 1288 618 1337 petit,
639 1291 678 1326 et
697 1289 815 1326 socios
834 1290 1000 1340 partitur
1018 1290 1057 1327 in
1077 1304 1218 1329 omnes.

209 1338 309 1376 Vina
327 1339 446 1378 bonus
466 1355 547 1390 quae
566 1341 699 1379 deinde
719 1343 818 1380 cadis
838 1346 1010 1380 onerarat
1032 1344 1188 1381 Acestes

211 1390 344 1429 Litore
364 1393 568 1440 Trinacrio,
589 1395 814 1445 dederatque
833 1396 1058 1434 abeuntibus
1077 1397 1198 1444 heros,

210 1444 372 1492 Dividit,
392 1449 431 1483 et
451 1447 561 1484 dictis
580 1449 775 1486 maerentia
791 1451 945 1499 pectora
962 1450 1126 1488 mulcet:

263 1500 285 1517 “
299 1498 331 1535 Ο
351 1499 452 1546 socii,
471 1514 591 1550 neque
610 1501 710 1538 enim
728 1502 850 1552 ignari
869 1516 998 1539 sumus
1018 1506 1106 1540 ante
1125 1503 1322 1549 malorum,

211 1550 243 1588 O
263 1552 362 1601 passi
381 1553 564 1602 graviora,
585 1554 690 1591 dabit
710 1555 799 1592 (leus
819 1554 878 1592 his
899 1569 1045 1606 quoque
1060 1556 1186 1593 finem.

210 1603 288 1642 Vos
308 1607 347 1642 et
366 1606 564 1656 Scyllaeam
582 1607 724 1645 rabiem
742 1608 967 1658 penitusque
987 1611 1164 1647 sonantes

209 1657 381 1696 Accestis
401 1660 593 1709 scopulos,
621 1674 687 1698 vos
707 1664 746 1698 et
766 1661 947 1711 Cyclopia
965 1676 1053 1699 saxa

210 1710 382 1760 Experti.
438 1712 630 1751 Revocate
649 1714 805 1760 animos,
825 1718 1073 1765 maestumque
1091 1715 1270 1752 timorem

210 1764 375 1803 Mittite.
404 1775 406 1779 ’
431 1765 576 1804 Forsan
595 1770 634 1804 et
653 1767 731 1805 haec
751 1768 839 1805 olim
860 1769 1074 1806 meminisse
1087 1768 1249 1818 juvabit.

210 1816 284 1854 Per
301 1818 425 1856 varios
444 1833 561 1866 casus,
580 1834 646 1870 per
663 1823 725 1858 tot
744 1821 960 1859 discrimina
977 1835 1104 1859 rerum

210 1870 416 1909 Tendimus
435 1872 474 1909 in
494 1872 661 1920 Latium,
681 1874 785 1912 sedes
804 1875 869 1912 ubi
887 1875 967 1912 fata
984 1875 1130 1925 quietas

209 1922 449 1962 Ostendunt:
477 1925 554 1963 illic
573 1927 627 1964 fas
647 1941 763 1977 regna
780 1941 973 1979 resurgere
992 1928 1126 1978 Trojae.

209 1975 369 2023 Durate,
389 1980 427 2015 et
446 1981 594 2016 vosmet
612 1980 722 2017 rebus
741 1983 887 2018 servate
906 1981 1117 2018 secundis.’'

263 2029 371 2067 Talia
387 2044 477 2069 voce
496 2032 632 2078 refert3
661 2033 831 2083 curisque
849 2034 1069 2084 ingentibus
1088 2046 1186 2083 aeger

209 2081 323 2131 Spem
342 2084 455 2121 vultu
473 2085 637 2131 simulat,
656 2086 795 2135 premit
814 2086 935 2124 altum
954 2087 1062 2124 corde
1082 2086 1258 2124 dolorem.

208 2134 274 2171 Illi
293 2149 332 2173 se
349 2137 483 2186 praedae
502 2138 706 2188 accingunt
725 2139 956 2189 dapibusque
975 2139 1137 2177 futuris:

208 2187 377 2239 Tergora
395 2190 585 2240 deripiunt
605 2191 731 2238 costis,
751 2195 790 2229 et
808 2192 950 2230 viscera
968 2192 1137 2239 nudant,

208 2240 303 2278 Pars
322 2242 361 2279 in
380 2243 502 2281 frusta
520 2246 659 2290 secant,
679 2244 901 2295 veribusque
920 2245 1124 2283 trementia
1141 2245 1290 2295 figunt3

208 2294 339 2333 Litore
358 2296 479 2334 ahena
496 2297 623 2334 locant
642 2297 716 2344 alii,
736 2298 978 2348 flammasque
997 2298 1231 2335 ministrant.

208 2347 308 2385 Tum
327 2349 433 2386 victu
451 2352 630 2388 revocant
649 2350 757 2397 vires,
776 2351 923 2401 fusique
942 2365 1008 2401 per
1026 2352 1182 2389 herbam

208 2400 426 2450 Implentur
444 2403 583 2441 veteris
603 2403 745 2441 Bacchi
764 2404 988 2454 pinguisque
1007 2404 1144 2442 ferinae.

208 2453 419 2505 Postquam
437 2458 587 2494 exemta
605 2457 723 2494 fames
743 2458 875 2507 epulis,
894 2471 1106 2508 mensaeque
1124 2458 1292 2503 remotae,

207 2507 377 2546 Amissos
396 2509 510 2559 longo
530 2509 648 2547 socios
668 2523 838 2548 sermone
856 2511 1065 2561 requirunt,

207 2559 393 2612 Spemque
412 2565 632 2614 metumque
650 2563 750 2601 inter
769 2564 884 2611 dubii,
903 2578 970 2602 seu
986 2564 1111 2602 vivere
1130 2563 1296 2610 credant,

1111 2691 1135 2729 ἵ
