1705 2744
580 117 769 144 AENEIDOS
788 117 869 143 LIB.
891 117 958 143 111.

137 212 250 259 Quin,
269 211 335 250 ubi
354 211 586 250 transmissae
605 211 783 249 steterint
801 214 908 249 tra-ns
928 224 1076 261 aequora
1095 211 1239 258 classes,

137 266 194 303 Et
211 265 346 315 positis
366 265 437 302 aris
452 264 531 315 jam
550 267 641 302 vota
658 264 698 302 in
715 265 827 302 litore
846 265 989 311 solves;

137 318 333 369 Purpureo
351 318 472 356 velare
491 331 616 355 comas
635 318 836 368 adopertus
855 317 1009 364 amictu,

137 371 200 409 Ne
220 385 293 421 qua
310 372 411 409 inter
429 373 579 408 sanctos
597 371 705 422 ignes
724 371 764 408 in
781 371 924 409 honore
943 371 1096 409 deorum

138 425 304 462 Hostilis
323 425 434 462 facies
454 427 636 470 occurrat,
655 426 694 462 et
713 424 840 462 omina
856 424 1000 462 turbet.

138 477 257 515 Hunc
277 478 367 515 socii
384 491 529 515 morem
548 491 749 523 sacrorum,
769 478 870 515 hunc
888 477 968 528 ipse
986 480 1116 515 teneto
1131 493 1140 524 ;

138 531 226 568 Hac
246 531 341 568 casti
359 533 537 568 maneant
555 531 596 568 in
613 530 794 581 religione
812 534 981 581 nepotes.

137 585 224 630 Ast,
244 584 310 622 ubi
330 584 541 635 digressum
560 584 695 621 Siculae
714 586 754 621 te
774 585 983 622 admoverit
1002 597 1078 622 orae

137 637 298 683 Ventus,
319 639 357 674 et
377 637 531 688 angusti
548 640 738 675 rarescent
758 637 923 675 claustra
941 637 1078 683 Pelori,

138 690 255 728 Laeva
272 690 345 728 tibi
364 691 489 737 tellus,
509 692 548 728 et
566 691 682 740 longo
701 690 794 728 laeva
812 692 993 741 petantur

138 743 307 793 AEquora
326 744 509 790 circuitu3
538 744 714 781 dextrum
732 744 822 794 fuge
840 744 932 781 litus
951 746 990 781 et
1009 744 1140 781 undas.

138 797 236 834 Haec
255 797 348 842 loca,
367 797 405 834 vi
425 797 615 847 quondam
633 799 672 834 et
690 800 800 834 vasta
817 797 996 835 convulsa
1012 797 1133 843 ruina,

139 849 308 887 Tantum
327 850 397 887 aevi
416 850 624 900 longinqua
640 850 741 887 valet
760 853 908 888 mutare
926 851 1118 888 vetustas!

138 903 358 940 Dissiluisse
377 903 516 949 serunt,
535 917 652 953 quum
670 905 851 953 protenus
870 906 1029 953 utraque
1047 903 1160 942 tellus

138 956 228 993 Una
245 956 365 1002 foret3
393 956 499 994 venit
517 957 641 994 medio
659 957 698 993 vi
715 959 868 1007 pontus,
888 959 927 995 et-
945 957 1057 994 undis

138 1009 371 1059 Hesperium
391 1009 515 1047 Siculo
533 1010 634 1047 latus
654 1010 824 1056 abscidit,
844 1024 1004 1061 arvaque
1024 1015 1062 1048 et
1081 1011 1191 1049 urbes

139 1062 271 1100 Litore
290 1062 461 1100 diductas
481 1066 643 1113 angusto
662 1063 835 1101 interluit
854 1066 961 1101 aestu.

139 1115 330 1153 Dextrum
349 1116 474 1167 Scylla
492 1116 603 1162 latus,
622 1116 759 1153 laevum
778 1117 980 1167 implacata
998 1116 1210 1168 Charybdis

140 1169 311 1215 Obsidet‚
331 1171 445 1219 atque
463 1170 539 1207 imo
558 1170 729 1207 barathri
747 1173 806 1208 ter
824 1171 977 1221 gurgite
995 1174 1122 1208 vastos

140 1222 275 1260 Sorbet
294 1222 334 1259 in
353 1223 559 1273 abruptum
577 1223 727 1270 fluctus,
747 1237 948 1274 rursusque
967 1224 1036 1262 sub
1055 1238 1163 1262 auras

139 1275 270 1325 Erigit
289 1276 464 1322 alternos,
484 1279 522 1314 et
542 1276 663 1314 sidera
680 1277 853 1315 verberat
871 1277 984 1314 unda.

140 1329 196 1366 At
215 1329 381 1379 Scyllam
400 1329 506 1367 caecis
526 1330 676 1368 cohibet
697 1330 875 1380 spelunca
892 1330 1060 1376 latebriS,

141 1381 218 1419 Ora
236 1384 501 1429 exsertantem,
521 1385 560 1420 et
579 1397 692 1421 naves
711 1384 752 1420 in
771 1398 859 1422 saxa
876 1384 1107 1422 trahentem.

141 1434 271 1473 Prima
288 1435 454 1473 hominis
472 1436 596 1483 facies,
615 1439 655 1475 et
673 1437 833 1487 pulchro
851 1440 1003 1488 pectore
1020 1438 1129 1488 virgo

142 1487 250 1526 Pube
267 1491 401 1535 tenus3
428 1492 620 1539 postrema
638 1490 797 1528 immani
816 1504 968 1541 corpore
986 1491 1135 1541 pistrix,

141 1541 378 1591 Delphinum
397 1543 532 1580 caudas
549 1546 659 1581 utero
678 1544 878 1582 commissa
894 1545 1083 1594 luporum.

142 1593 307 1631 Praestat
326 1595 510 1633 Trinacrii
528 1600 649 1634 metas
667 1597 828 1635 lustrare
847 1597 1021 1648 Pachyni

142 1645 374 1693 cessantem,
392 1648 525 1699 longos
545 1652 584 1687 et
603 1650 893 1689 circumflectere
912 1664 1054 1698 cursus,

142 1699 268 1746 Quam
287 1701 402 1738 semel
419 1701 619 1740 informem
636 1706 745 1741 vasto
763 1704 900 1742 vidisse
919 1704 990 1742 sub
1009 1706 1118 1741 antro

142 1752 319 1803 Scyllam,
338 1756 377 1791 et
396 1755 559 1792 caeruleis
579 1756 731 1794 canibus
749 1757 965 1794 resonantia
981 1770 1080 1794 saxa.

142 1805 341 1851 Praeterea,
361 1807 393 1844 si
411 1821 485 1857 qua
504 1811 561 1845 est
580 1808 730 1846 Heleno
748 1810 960 1859 prudentia,
978 1810 1059 1847 vati

142 1858 183 1895 Si
201 1873 276 1909 qua
294 1860 398 1906 fides,
418 1861 587 1899 animum
606 1862 638 1898 si
654 1862 752 1900 veris
771 1863 904 1913 implet
923 1863 1073 1913 Apollo,

141 1911 275 1950 Unum
293 1913 388 1950 illud
404 1914 488 1960 tibi,
507 1917 596 1952 nate
615 1915 694 1961 dea,
713 1929 854 1966 proque
873 1917 1047 1954 omnibus
1066 1929 1187 1954 unum

142 1964 364 2013 Praedicam,
384 1969 423 2004 et
441 1970 614 2017 repetens
632 1968 845 2019 iterumque
863 1970 1076 2019 iterumque
1094 1970 1276 2008 monebo:

142 2018 308 2057 Junonis
327 2033 474 2070 magnae
492 2021 658 2071 primum
677 2035 785 2072 prece
803 2036 944 2061 numen
963 2023 1097 2069 adora3

143 2071 169 2109 J
172 2072 289 2110 unoni
309 2086 399 2111 cane
417 2076 508 2111 vota
526 2074 657 2121 libens,
677 2075 943 2126 dominamque
960 2078 1158 2126 potentem

143 2125 382 2176 Supplicibus
401 2140 535 2177 supera
553 2128 682 2165 donis:
712 2129 764 2166 sic
784 2129 943 2179 denique
961 2129 1084 2167 victor

143 2178 337 2217 Trinacria
356 2180 449 2218 fines
469 2180 588 2218 Italos
607 2181 761 2220 mittere
779 2183 921 2220 relicta.

143 2231 234 2270 Huc
252 2233 318 2270 ubi
337 2233 484 2271 delatus
504 2233 698 2272 Cumaeam
717 2236 913 2273 accesseris
931 2236 1075 2283 urbem,

145 2284 378 2336 Divinosque
396 2287 498 2324 lacus
518 2290 557 2325 et
575 2288 728 2326 Averna
747 2289 921 2327 sonantia
939 2290 1054 2336 silvis,

146 2337 324 2376 Insanam
342 2342 471 2378 vatem
490 2341 644 2390 aspicies
659 2358 667 2388 ;
696 2356 779 2391 quae
797 2356 890 2393 rupe
910 2343 979 2380 sub
997 2343 1075 2380 ima

145 2389 245 2429 Fata
262 2392 373 2440 canit,
392 2394 564 2444 foliisque
582 2397 692 2432 notas
712 2398 751 2433 et
770 2396 926 2434 nomina
942 2397 1112 2434 mandat.

146 2443 403 2495 Quaecumque
420 2447 461 2484 in
479 2447 577 2485 foliis
597 2448 793 2498 descripsit
813 2450 979 2487 carmina
996 2450 1116 2500 virgo,

145 2495 296 2547 Digerit
315 2498 356 2536 in
374 2513 587 2548 numerum,
607 2505 720 2551 atque
739 2505 850 2540 antro
869 2503 1013 2541 seclusa
1030 2503 1222 2553 relinquit.

146 2548 219 2587 Illa
236 2554 392 2590 manent
410 2553 572 2591 immota
589 2554 692 2601 locis,
711 2569 832 2606 neque
851 2557 897 2593 ab
917 2556 1047 2594 ordine
1066 2557 1217 2594 cedunt.

145 2601 288 2641 Verum
306 2606 446 2654 eadem,
465 2620 572 2645 verso
591 2608 717 2646 tenuis
736 2622 857 2659 quum
876 2610 1025 2647 cardine
1043 2613 1182 2648 ventus

1326 109 1401 146 159
