1705 2744
597 79 838 107 GEORGICON
856 79 940 106 LI'B.
961 79 1028 105 HI.

175 178 270 216 Illas
290 177 396 215 ducit
415 189 520 214 amor
539 177 647 214 trans
669 175 850 225 Gargara,
869 176 1050 224 transque
1065 176 1265 213 sonantem

175 231 406 277 Ascanium3
434 232 614 280 superant
632 230 795 273 montes,
816 230 855 265 et
874 228 1033 266 flumina
1050 230 1220 266 tranant.

176 285 454 334 Continuoque,
474 283 593 321 avidis
611 282 679 320 ubi
697 282 851 320 subdita
868 281 1022 319 flamma
1041 282 1228 329 medullis,

175 338 274 376 Vere
292 338 427 388 magis,
446 337 534 388 quia
551 349 638 374 vere
658 336 758 373 calor
776 335 875 374 redit
895 335 1054 381 ossibus,
1074 335 1149 373 ’111ae

177 391 251 430 Ore
270 405 401 429 omnes
420 404 537 428 versae
551 390 592 427 in
610 389 820 440 zephyrum
839 391 944 426 stant
963 389 1121 439 rupibus
1141 389 1239 436 altis,

177 445 469 495 Exceptantque
487 445 587 482 leves
607 457 738 489 auras3
767 445 806 480 et
826 456 924 493 saepe
944 442 1025 481 sine
1044 443 1131 480 ullis

177 498 375 549 Conjugiis
393 500 509 536 vento
528 497 708 548 gravidae,
727 496 897 534 mirabile
917 496 1035 542 dictu,

177 552 274 589 Saxa
292 565 358 602 per
377 554 416 590 et
436 551 607 602 scopulos
626 553 666 588 et
685 551 876 600 depressas
896 550 1082 588 convaJles

177 605 412 656 Diffugiunt,
431 619 520 652 non,
541 605 655 651 Eure,
674 607 774 650 tuos,
794 617 914 653 neque
935 603 1031 641 Solis
1051 604 1099 641 ad
1120 606 1239 650 ortus,

178 659 227 696 In
246 659 410 697 Boream
430 659 681 708 Caurumque,
701 659 768 695 aut
787 658 886 695 unde
904 657 1133 708 nigerrimus
1151 658 1298 695 Auster

177 712 373 759 Nascitur,
393 715 431 750 et
450 712 578 763 pluvio
598 712 801 749 contristat
820 711 960 761 frigore
979 711 1128 749 coelum.

178 765 256 803 Hic
276 766 440 812 demum,
460 766 707 816 hippomanes
726 778 814 802 vero
834 764 935 814 quod
953 764 1106 803 nomine
1126 764 1260 802 dicunt

178 819 368 865 Pastores‚
387 819 535 857 lentum
554 818 722 856 destillat
741 818 788 856 ab
806 818 963 868 inguine
981 818 1098 864 virus,

179 872 455 923 HippomaneS‚
476 872 576 922 quod
595 885 694 922 saepe
713 871 824 909 malae
842 872 967 922 legere
986 885 1169 919 novercae,

179 926 493 976 Miscueruntque
512 926 649 963 herbas
669 928 708 963 et
727 939 804 963 non
822 925 976 962 innoxia
994 926 1119 963 verba.

231 979 306 1017 Sed
324 979 425 1029 fugit
444 980 599 1026 interea,
618 979 720 1029 fugit
738 979 978 1029 irreparabile
996 982 1161 1030 tempus,

179 1032 338 1083 Singula
357 1033 449 1070 dum
467 1033 570 1083 capti
589 1033 928 1070 circumvectamur
942 1046 1080 1070 amore.

177 1086 266 1124 Hoc
285 1086 378 1124 satis
398 1086 601 1133 armentis3
630 1088 783 1137 superat
801 1100 887 1136 pars
906 1086 1024 1124 altera
1042 1099 1153 1132 curae,

176 1139 384 1190 Lanigeros
404 1140 548 1190 agitare
567 1153 701 1191 greges
720 1140 915 1189 hirtasque
935 1140 1107 1190 capellas.

176 1193 256 1231 Hic
274 1193 402 1240 labor;
429 1194 518 1231 hinc
536 1194 689 1231 laudem
706 1194 824 1231 fortes
842 1196 990 1243 sperate
1009 1194 1144 1232 coloni.

176 1246 261 1284 Nec
279 1261 365 1284 sum
383 1247 501 1284 animi
519 1247 668 1293 dubius,
687 1247 810 1284 verbis
830 1260 874 1284 ea
886 1247 1035 1284 vincere
1055 1261 1239 1298 magnum

178 1300 301 1347 Quam
321 1301 382 1346 sit,
398 1303 437 1338 et
457 1301 631 1351 angustis
649 1301 752 1338 hunc
771 1300 906 1338 addere
926 1301 1036 1338 rebus
1057 1301 1251 1340 honorem.

178 1353 252 1391 Sed
269 1368 330 1392 me
349 1354 508 1392 Parnasi
526 1355 675 1392 deserta
691 1368 758 1405 per
776 1355 893 1392 ardua
909 1354 1029 1392 dulcis

178 1407 326 1458 Raptat
345 1421 471 1453 amor3
493 1408 606 1459 juvat
624 1408 678 1445 ire
692 1408 808 1459 jugis,
829 1421 902 1458 qua
920 1408 1025 1446 nulla
1042 1408 1212 1459 priorum

180 1460 385 1499 Castaliam
402 1462 508 1499 molli
526 1462 738 1499 devertitur
756 1462 882 1500 orbita
899 1462 1008 1500 clivo.

231 1514 273 1551 N
274 1528 359 1561 unc,
377 1515 590 1553 veneranda
609 1515 732 1562 Pales,
750 1529 891 1566 magno
910 1529 1011 1553 nunc
1031 1528 1094 1552 ore
1113 1516 1338 1554 sonandum.

182 1567 373 1618 Incipiens
392 1569 550 1606 stabulis
570 1569 674 1606 edico
692 1569 733 1606 in
751 1569 928 1607 mollibus
948 1569 1104 1606 herbam

181 1620 342 1671 Carpere
361 1635 459 1668 oves,
479 1622 570 1659 dum
588 1635 678 1660 mox
695 1622 873 1660 frondosa
890 1622 1085 1660 reducitur
1103 1625 1217 1660 aestas
1235 1640 1243 1669 ;

180 1674 237 1711 Et
255 1674 377 1712 multa
395 1675 528 1712 duram
546 1675 688 1725 stipula
705 1676 921 1725 filicumque
940 1675 1116 1725 maniplis

180 1727 356 1765 Sternere
376 1728 505 1766 subter
523 1728 696 1775 humum,
716 1729 901 1780 glaciesne
919 1729 1058 1779 frigida
1075 1729 1190 1767 laedat

180 1780 302 1818 Molle
319 1794 444 1831 pchS‚
465 1782 701 1832 scabiemque
719 1783 816 1820 ferat
834 1785 1038 1833 turpesque
1056 1782 1253 1834 podagras.

180 1833 277 1872 Post
295 1835 384 1873 hinc
403 1835 592 1885 digressus
606 1836 720 1886 jubeo
738 1836 955 1874 frondentia
973 1836 1093 1886 capris

179 1888 332 1925 Arbuta
349 1889 527 1935 sufficere,
547 1892 586 1927 et
604 1889 738 1927 fluvios
756 1890 922 1940 praebere
940 1892 1130 1928 recentes:

179 1941 236 1978 Et
254 1942 403 1979 stabula
422 1955 443 1980 a
461 1943 586 1980 ventis
604 1943 762 1981 hiberno
781 1957 968 1994 opponere
986 1943 1055 1981 soli

179 1994 243 2032 Ad
259 1996 428 2033 medium
446 2009 625 2034 conversa
643 1997 754 2043 diem,
775 2010 893 2046 quum
915 1997 1074 2047 frigidus
1093 1997 1184 2034 olim

179 2047 208 2085 J
209 2061 271 2086 am
289 2050 391 2087 cadit
410 2052 652 2099 extremoque
670 2050 807 2088 irrorat
825 2051 1014 2100 Aquarius
1033 2064 1144 2088 anno.

178 2101 257 2140 Hae
275 2116 422 2153 quoque
440 2117 517 2141 non
537 2117 626 2141 cura
643 2104 752 2142 nobis
770 2104 908 2142 leviore
926 2105 1103 2151 tuendae3

178 2155 262 2193 Neo
279 2157 404 2194 minor
422 2171 512 2194 usus
531 2158 625 2204 erit3
655 2158 825 2207 quamvis
846 2158 998 2196 Milesia
1015 2172 1156 2209 magno

178 2208 328 2247 Vellera
344 2213 545 2248 mutentur
563 2211 700 2262 Tyrios
718 2211 868 2249 incocta
884 2212 1051 2250 rubores.

179 2261 342 2301 Densior
359 2264 449 2302 hinc
468 2264 627 2311 suboles,
645 2265 735 2303 hinc
753 2265 851 2316 largi
869 2266 976 2316 copia
996 2265 1129 2303 lactis:

179 2315 302 2362 Quam
320 2318 442 2368 magis
462 2318 645 2356 exhausto
664 2319 897 2369 spumaverit
915 2319 1029 2357 ubere
1046 2319 1212 2357 mulctra.
1227 2336 1235 2366 ;

179 2367 289 2408 Laeta
306 2371 428 2422 magis
446 2372 583 2422 pressis
601 2373 813 2411 manabunt
831 2373 990 2410 flumina
1007 2373 1195 2410 mammis.

179 2421 262 2460 Nec
279 2424 404 2462 minus
423 2425 568 2463 interea
584 2426 719 2464 barbas
737 2427 945 2477 incanaque
964 2429 1095 2464 menta

180 2474 360 2526 Cinyphii
376 2479 539 2516 tondent
560 2479 657 2517 hirci
676 2482 862 2530 saetasque
881 2483 1076 2518 comantes

179 2527 304 2567 Usum
320 2531 361 2568 in
380 2534 601 2580 castrorum,
621 2535 660 2571 et
679 2534 824 2571 miseris
838 2534 1026 2571 velamina
1043 2533 1182 2572 nautis.

180 2580 394 2622 Pascuntur
411 2599 499 2624 vero
519 2586 631 2624 silvas
650 2590 690 2625 et
709 2600 858 2625 summa
881 2587 1024 2638 Lycaei,

1402 72 1452 108 73
