1674 2775
543 106 734 133 AExfflnos
754 107 838 132 ΠΒ.
859 108 916 134 rx.
1297 101 1374 137 321

85 201 310 253 Diffugiunt
328 201 429 239 versi
446 201 597 251 trepida
614 201 817 239 formidine
837 202 969 240 Troe's.

85 256 142 292 Et
163 256 195 293 si
213 255 397 293 continuo
415 255 602 292 victorem
621 268 664 292 ea
683 268 772 292 cura
791 255 967 302 subisset,

85 308 280 358 Rumpere
300 308 466 346 claustra
483 322 601 345 manu
620 309 815 359 sociosque
834 309 1046 348 immittere
1066 310 1208 360 portis:

84 362 259 399 Ultimus
278 362 340 399 ille
360 362 439 399 dies
459 362 558 400 bello
578 362 761 412 gentique
780 362 928 399 fuisset.

85 415 160 453 Sed
178 416 283 453 furor
302 416 501 453 ardentem
519 415 707 466 caedisque
726 416 860 453 insana
880 416 1017 466 cupido

83 468 182 519 Egit
200 469 241 505 in
260 469 447 506 adversos.

83 522 279 572 Principio
299 522 495 560 Phalerim
513 524 552 560 et
573 515 718 559 succiso
736 522 881 572 poplite
903 521 1044 572 Gygen

82 575 263 625 Excipit3
291 575 382 613 hinc
400 578 528 626 raptas
547 575 784 626 fugientibus
804 575 947 626 ingerit
967 576 1099 614 hastas

83 628 133 665 In
152 631 329 679 tergum:
359 629 388 666 J
389 643 466 667 uno
485 629 583 667 vires
604 629 848 679 animumque
868 629 1079 667 ministrat,

81 682 205 720 Addit
225 682 374 733 Halym
394 683 586 728 comitem,
607 685 646 720 et
666 683 814 720 confixa
833 682 989 732 Phegea
1008 697 1142 734 parma
1158 701 1166 731 ;

81 735 245 785 Ignaros
265 737 400 774 deinde
418 736 457 773 in
479 736 597 773 muris
619 736 863 786 Martemque
884 736 1041 784 cientes,

80 789 391 839 Alcandrumque
410 790 647 840 Haliumque
666 790 946 839 Noemonaque
968 789 1271 841 Prytanimque3

81 842 237 892 Lyncea
254 844 480 881 tendentem
500 846 644 889 contra,
665 843 860 893 sociosque
881 848 1096 890 vocantem,

79 896 260 933 Vibranti
279 897 406 947 gladio
426 897 609 934 connixus
629 897 675 934 ab
695 910 833 947 aggere
854 897 987 934 dexter

81 949 254 1000 Occupat
271 967 278 987 :
308 950 397 988 huic
416 964 492 988 uno
513 950 703 1001 dejectum
723 950 895 988 cominus
915 951 997 988 ictu

80 1002 177 1040 Cum
198 1004 306 1053 galea
324 1005 437 1054 longe
451 1004 574 1054 jacuit
594 1006 722 1054 caput.
780 1004 878 1041 Inde
897 1004 1065 1041 ferarum

77 1055 325 1094 Vastatorem
347 1058 552 1108 Amycum,
573 1071 646 1106 quo
667 1071 744 1095 non
762 1057 908 1095 felicior
927 1058 1023 1095 alter

78 1109 234 1160 Ungere
253 1111 331 1148 tela
349 1125 476 1156 manu,
495 1111 711 1161 ferrumque
732 1124 877 1148 armare
896 1124 1042 1148 veneno
1058 1127 1066 1156 ;

77 1163 134 1200 Et
155 1163 328 1214 Clytium
348 1164 536 1210 AEoliden,
557 1167 596 1201 et
616 1164 781 1202 amicum
802 1164 968 1202 Crethea
987 1163 1138 1210 Musis3

78 1216 244 1254 Crethea
263 1218 466 1255 Musarum
486 1217 677 1264 comitem,
698 1218 759 1255 cui
785 1218 954 1255 carmina
973 1231 1122 1267 semper

76 1270 133 1307 Et
154 1271 313 1308 citharae
333 1271 447 1318 cordi,
467 1284 721 1321 numerosque
740 1271 939 1309 intendere
959 1271 1085 1308 nervis
1101 1288 1108 1318 ;

77 1323 236 1374 Semper
255 1338 369 1374 equos
389 1326 505 1375 atque
524 1338 629 1362 arma
647 1325 784 1371 virum,
804 1338 1029 1375 pugnasque
1049 1325 1222 1363 canebat.

130 1377 303 1415 Tandem
322 1378 510 1424 ductores⁷
530 1378 662 1416 audita
681 1378 784 1416 caede
805 1392 972 1424 suorum,

76 1429 322 1469 Conveniunt
341 1431 489 1478 Teucri,
509 1431 739 1469 Mnestheus
759 1445 916 1481 acerque
937 1432 1110 1470 Serestus
1126 1449 1134 1478 ;

75 1483 330 1535 Palantesque
348 1485 481 1523 vident
501 1485 632 1531 socios,
652 1485 879 1535 hostemque
898 1488 1105 1536 receptum.

74 1537 131 1575 Et
152 1538 393 1584 Mnestheus,
413 1542 434 1557 ‘⁶
451 1539 535 1585 Quo
555 1539 689 1576 deinde
708 1540 851 1590 fugam,
872 1553 946 1589 quo
966 1539 1127 1576 tenditis
1143 1537 1187 1576 ῗ”
1218 1538 1357 1588 inquit.

74 1594 95 1609 “
110 1591 213 1637 Quos
233 1592 326 1629 alios
344 1605 485 1638 muros,
506 1606 589 1642 quae
605 1592 687 1642 jam
706 1592 809 1629 ultra
827 1592 968 1629 moenia
986 1592 1136 1630 habetis
1151 1591 1169 1630 ’Β

73 1643 186 1681 Unus
205 1645 332 1691 homo,
352 1648 391 1683 et
410 1646 559 1691 vestris,
579 1659 601 1683 o
621 1646 732 1691 cives,
751 1646 919 1695 undique
939 1648 1070 1695 septus

71 1698 302 1747 Aggeribus,
321 1701 452 1736 tantas
472 1701 618 1749 strages
637 1699 792 1749 impune
811 1712 878 1749 per
896 1699 1029 1736 urbem

71 1751 250 1789 Ediderit
266 1752 282 1790 ¹?
305 1752 494 1802 juvenum
512 1753 655 1802 primos
673 1755 736 1790 tot
755 1752 902 1790 miserit
923 1752 1021 1790 Orco
1037 1752 1054 1791 ⁶?

70 1804 164 1842 Non
183 1805 342 1843 infelicis
361 1806 504 1855 patriae,
523 1808 771 1856 veterumque
791 1806 960 1851 deorum,

70 1857 128 1894 Et
146 1859 278 1909 magni
297 1859 428 1896 AEneae
448 1873 580 1910 segnes
599 1859 827 1909 miseretque
846 1858 1072 1909 pudetque?

70 1911 228 1949 Talibus
248 1913 394 1950 accensi
413 1913 627 1959 firmantur,
647 1915 686 1950 et
707 1913 858 1964 agmine
877 1913 993 1950 denso

70 1964 311 2003 Consistunt.
368 1966 521 2004 Turnus
540 1967 726 2016 paulatim
746 1967 922 2004 excedere
940 1978 1082 2016 pugna,

69 2018 126 2055 Et
144 2019 304 2056 fluvium
324 2022 464 2069 petere,
485 2033 526 2057 ac
545 2022 695 2070 partem
714 2033 800 2070 quae
822 2020 990 2070 cingitur
1008 2018 1124 2056 anmi.

66 2071 205 2109 Acrius
223 2073 296 2110 hoc
316 2073 453 2111 Teucri
472 2073 634 2111 clamore
652 2074 870 2111 incumbere
888 2086 1041 2123 magno,

68 2125 124 2162 Et
143 2127 353 2176 glomerare
372 2140 527 2164 manum
543 2144 551 2164 ε
581 2140 649 2164 ceu
669 2141 811 2164 saevum
829 2127 945 2164 turba
961 2127 1111 2164 leonem

68 2178 197 2225 Quum
215 2180 303 2218 telis
321 2180 461 2230 premit
479 2181 636 2218 infensis
651 2197 658 2227 3
687 2183 728 2218 at
746 2181 905 2218 territus
923 2180 999 2227 ille,

67 2233 201 2283 Asper,
222 2234 356 2271 acerba
373 2237 498 2281 tuens,
517 2237 620 2272 retro
639 2235 761 2281 redit3
791 2237 830 2272 et
849 2248 971 2284 neque
989 2236 1102 2284 terga

68 2284 134 2323 Ira
152 2287 240 2324 dare
259 2290 326 2325 aut
345 2287 468 2325 virtus
487 2288 646 2338 patitur,
665 2302 735 2326 nec
752 2288 909 2326 tendere
928 2290 1073 2333 contra,

67 2338 140 2376 Ille
159 2340 312 2390 quidem
330 2341 403 2379 hoc
423 2342 590 2392 cupiens,
608 2342 710 2392 potis
730 2344 789 2379 est
808 2355 874 2392 per
893 2342 971 2379 tela
989 2341 1176 2391 virosque.

67 2391 188 2430 Haud
206 2394 316 2431 aliter
334 2397 436 2432 retro
456 2395 593 2433 dubius
611 2396 776 2446 vestigia
794 2396 947 2433 Turnus

67 2444 333 2496 Improperata
350 2449 478 2494 refert,
498 2451 537 2486 et
557 2463 664 2486 mens
684 2451 870 2486 exaestuat
889 2449 956 2485 ira.

66 2498 169 2544 Quin
188 2500 304 2537 etiam
323 2501 382 2538 bis
401 2504 488 2539 tum
507 2502 652 2539 medios
670 2502 862 2540 invaserat
881 2502 1033 2547 hostes3

65 2550 134 2588 Bis
154 2553 310 2590 confusa
327 2554 419 2604 fuga
437 2568 504 2605 per
522 2569 651 2593 muros
671 2556 826 2606 agmina
844 2556 974 2593 vertit.

65 2604 140 2642 Sed
158 2619 293 2644 manus
313 2620 333 2645 e
353 2608 486 2646 castris
505 2622 662 2659 propere
682 2609 759 2647 coit
779 2609 901 2647 omnis
919 2609 961 2646 in
979 2621 1113 2645 unum.

691 2673 720 2700 Y
