1705 2744
557 81 795 109 GEOBGICON
813 81 896 108 LIB.
917 81 984 107 ΙΙΙ.

137 179 272 217 Victor
290 192 420 229 equus,
439 178 637 228 fontesque
657 177 854 223 avertitur,
875 178 913 214 et
931 176 1025 227 pede
1043 178 1185 214 terram

137 232 281 271 Crebra
298 233 408 279 ferit3
437 232 608 269 demissae
627 244 755 277 aures3
783 230 950 267 incertus
968 230 1109 267 ibidem

135 286 269 333 Sudor,
288 288 327 324 et
345 286 408 323 ille
427 285 578 335 quidem
596 284 790 322 morituris
807 284 966 334 frigidus
981 300 988 330 ;
1017 286 1098 321 aret

135 338 264 386 Pellis,
284 342 323 377 et
343 340 390 376 ad
407 340 556 376 tactum
573 338 758 376 tractanti
777 338 871 374 dura
887 337 1043 375 resistit.

134 392 233 430 Haec
252 395 341 430 ante
359 392 519 430 exitium
538 391 669 442 primis
689 392 782 428 dant
801 391 910 441 signa
928 391 1070 428 diebus.

134 445 202 482 Sin
219 446 260 483 in
278 459 454 496 processu
472 445 587 495 coepit
607 445 821 482 crudescere
840 444 993 482 morbus
1008 461 1015 482 :

133 498 235 536 Tum
252 513 340 537 vero
359 499 533 537 ardentes
552 498 662 544 oculi,
682 501 795 548 atque
814 500 1000 535 attractus
1020 497 1066 535 ab
1085 497 1164 534 alto

133 551 308 602 Spiritus,
327 553 519 590 interdum
538 552 686 603 gemitu
703 551 828 602 gravis
843 568 850 598 ;
877 551 1026 601 imaque
1043 551 1158 600 longo

132 605 209 644 Ilia
226 607 398 657 singultu
411 606 576 644 tendunt
591 623 598 652 ;
626 607 658 643 it
676 605 829 643 naribus
848 607 930 642 ater

132 660 306 710 Sanguis,
326 663 364 697 et
384 660 551 698 obsessas
570 660 694 696 fauces
712 659 850 709 premit
870 671 999 708 aspera
1016 657 1168 708 lingua:

131 713 283 751 Profuit
301 714 443 751 inserto
461 713 591 750 latices
609 712 804 750 infundere
823 725 940 749 cornu

132 767 314 813 Lenaeos;
342 781 385 804 ea
403 767 484 804 visa
502 767 601 804 salus
620 765 869 803 morientibus
888 779 975 802 una.

132 820 224 859 Mox
243 823 324 858 erat
343 821 414 858 hoc
434 821 558 870 ipsum
577 819 704 865 exitio,
724 819 904 869 furiisque
922 818 1054 856 refecti

131 875 340 920 Ardebant,
359 873 505 924 ipsique
524 887 622 919 suos,
636 873 717 923 jam
736 875 859 910 morte
880 873 949 910 sub
968 884 1081 922 aegra,

135 928 207 977 (Di
226 927 382 965 meliora
399 927 482 977 piis,
503 939 738 975 erroremque
756 926 931 963 hostibus
950 925 1058 963 illum
1072 926 1098 975 l)

130 981 318 1019 Discissos
338 980 449 1018 nudis
467 980 660 1017 laniabant
680 979 858 1017 dentibus
878 982 994 1016 artus.

129 1034 230 1072 Ecce
250 1036 379 1072 autem
398 1034 491 1071 duro
510 1034 659 1070 fumans
679 1034 748 1070 sub
768 1046 918 1070 vomere
936 1035 1068 1070 taurus

130 1087 317 1134 Concidit,
337 1090 375 1125 et
394 1087 558 1124 mixtum
578 1086 721 1137 spumis
740 1086 862 1124 vomit
881 1099 943 1124 ore
958 1099 1143 1132 cruorem,

129 1141 408 1190 Extremosque
428 1141 501 1178 ciet
521 1141 700 1190 gemitus.
756 1140 797 1177 It
816 1139 938 1177 tristis
958 1142 1095 1185 arator,

128 1194 352 1232 Maerentem
372 1194 579 1245 abjungens
599 1194 765 1231 fraterna
783 1195 906 1230 morte
919 1192 1138 1243 juvencum,

128 1248 258 1298 Atque
277 1262 386 1298 opere
405 1248 445 1285 in
464 1247 587 1285 medio
607 1248 729 1284 defixa
746 1246 926 1297 relinquit
946 1250 1082 1283 aratra.

128 1301 220 1339 Non
239 1302 382 1339 umbrae
401 1302 566 1339 altorum
584 1314 793 1345 nemorum,
813 1314 891 1337 non
909 1300 1038 1337 mollia
1055 1301 1214 1349 possunt

129 1353 247 1392 Prata
264 1369 413 1393 movere
432 1355 611 1401 animum,
633 1368 709 1391 non
729 1354 793 1404 qui
811 1367 878 1403 per
897 1367 984 1390 saxa
1002 1353 1156 1391 volutus

129 1407 265 1446 Purior
283 1409 421 1446 electro
440 1421 615 1458 campum
634 1408 734 1458 petit
752 1407 895 1445 amnis:
925 1409 965 1444 at
983 1407 1059 1444 ima

130 1461 337 1499 Solvuntur
354 1463 484 1507 latera,
504 1464 617 1511 atque
637 1461 764 1499 oculos
784 1464 918 1511 stupor
936 1463 1049 1510 urget
1068 1461 1219 1505 inertes,

128 1515 193 1551 Ad
209 1517 423 1565 terramque
442 1515 527 1552 fluit
546 1516 686 1553 devexo
705 1515 868 1565 pondere
888 1515 1024 1552 cervix,

130 1567 231 1614 Quid
248 1569 354 1606 labor
373 1571 439 1606 aut
457 1569 653 1606 benefacta
666 1568 806 1618 juvant
821 1567 837 1605 ’.Ρ
867 1567 958 1617 quid
976 1580 1126 1604 vomere
1145 1570 1265 1604 terras

130 1621 338 1659 Invertisse
357 1622 520 1672 graves?
550 1622 654 1671 atqui
674 1635 751 1659 non
770 1621 931 1658 Massica
950 1621 1092 1657 Bacchi

128 1673 300 1721 Munera,
318 1689 395 1712 non
413 1675 487 1712 illis
507 1675 628 1725 epulae
647 1688 806 1712 nocuere
825 1677 988 1724 repos‘cae
1005 1690 1013 1711 ε

128 1726 346 1765 Frondjbus
365 1730 404 1766 et
422 1728 528 1765 victu
545 1731 752 1778 pascuntur
771 1727 950 1777 simplicis
969 1727 1095 1764 herbae
1110 1743 1117 1771 ;

127 1779 273 1818 Pocula
291 1783 381 1818 sunt
399 1782 523 1819 fontes
540 1781 672 1831 liquidi
692 1784 805 1830 atque
824 1781 986 1818 exercita
1005 1793 1116 1817 cursu

128 1833 329 1881 Flumina3
357 1848 425 1872 nec
445 1848 596 1872 somnos
616 1834 807 1884 abrumpit
827 1847 915 1871 cura
934 1834 1113 1871 salubres.

127 1886 312 1938 Tempore
330 1902 407 1926 non
426 1888 498 1926 alio
518 1888 649 1925 dicunt
667 1888 882 1938 regionibus
900 1887 975 1924 illis

127 1940 314 1987 Quaesitas
335 1942 382 1978 ad
400 1955 504 1979 sacra
522 1942 635 1979 boves
655 1941 681 1978 J
684 1941 831 1987 monis,
851 1943 890 1978 et
908 1940 986 1978 uris

125 1993 340 2044 Imparibus
360 1995 494 2033 ductos
513 1995 590 2032 alta
607 1995 655 2032 ad
673 1994 826 2032 donaria
843 2008 985 2032 currus.

125 2048 233 2098 Ergo
252 2062 352 2099 aegre
371 2049 502 2086 rastris
520 2051 662 2086 terram
681 2048 879 2094 rimantur,
900 2050 939 2085 et
957 2047 1047 2098 ipsis

124 2101 329 2152 Unguibus
348 2102 540 2140 infodiunt
559 2103 697 2152 frugeS‚
717 2104 940 2151 montesque
958 2115 1024 2151 per
1042 2101 1140 2139 altos

126 2154 318 2193 Contenta
335 2156 476 2194 cervice
495 2156 656 2193 trahunt
675 2155 876 2193 stridentia
893 2155 1073 2205 plaustra.

125 2208 217 2246 Non
235 2209 346 2259 lupus
364 2209 518 2247 insidias
538 2209 708 2260 explorat
728 2209 841 2246 ovilia
859 2209 1012 2254 circum,

124 2261 207 2300 Nec
226 2263 403 2314 gregibus
422 2266 631 2301 nocturnus
651 2263 893 2308 obambulat3
922 2263 1041 2299 acrior
1058 2262 1167 2299 illum

125 2314 225 2354 Cura
243 2317 396 2355 domat:
424 2317 552 2354 timidi
571 2317 692 2354 damae
712 2316 885 2365 cervique
904 2316 1056 2366 fugaces

125 2368 239 2407 Nune
252 2369 426 2420 interque
446 2384 554 2408 canes
574 2372 612 2408 et
632 2370 772 2408 circum
790 2372 895 2407 tecta
911 2371 1112 2419 vagantur.

125 2421 152 2458 J
155 2435 216 2459 am
232 2423 346 2461 maris
363 2424 539 2462 immensi
556 2423 701 2474 prolem
719 2426 758 2461 et
777 2437 896 2473 genus
915 2436 1025 2460 omne
1044 2424 1262 2469 natantum,

125 2473 254 2513 Litore
271 2476 312 2514 in
330 2479 509 2523 extremo,
525 2491 593 2515 ceu
611 2477 793 2527 naufraga
812 2490 977 2527 corpora,
998 2476 1138 2513 fluctus

124 2526 296 2575 Proluit;
323 2530 486 2568 insolitae
504 2531 659 2581 fugiunt
677 2531 717 2568 in
735 2530 893 2567 flumina
911 2530 1057 2580 phocae.

126 2579 267 2620 Interit
285 2585 324 2621 et
343 2585 465 2622 curvis
483 2584 626 2622 frustra
643 2584 794 2622 defensa
810 2583 964 2621 latebris

1364 71 1414 109 79
