<?xml version="1.0" encoding="UTF-8"?>
<!DOCTYPE html PUBLIC "-//W3C//DTD XHTML 1.0 Transitional//EN"
    "http://www.w3.org/TR/xhtml1/DTD/xhtml1-transitional.dtd">
<html xmlns="http://www.w3.org/1999/xhtml" xml:lang="en" lang="en">
 <head>
  <title>
</title>
<meta http-equiv="Content-Type" content="text/html;charset=utf-8" />
  <meta name='ocr-system' content='tesseract 3.04.00' />
  <meta name='ocr-capabilities' content='ocr_page ocr_carea ocr_par ocr_line ocrx_word'/>
</head>
<body>
  <div class='ocr_page' id='page_1' title='image "./worksfromtextofh00virguoft_0289.png"; bbox 0 0 1705 2744; ppageno 0'>
   <div class='ocr_carea' id='block_1_1' title="bbox 553 68 940 98">
    <p class='ocr_par' dir='ltr' id='par_1_1' title="bbox 553 68 940 98">
     <span class='ocr_line' id='line_1_1' title="bbox 553 68 940 98; baseline -0.005 -1"><span class='ocrx_word' id='word_1_1' title='bbox 553 69 742 98; x_wconf 77' lang='lat' dir='ltr'>AENEIDOS</span> <span class='ocrx_word' id='word_1_2' title='bbox 763 69 844 95; x_wconf 86' lang='lat' dir='ltr'><strong>LIB.</strong></span> <span class='ocrx_word' id='word_1_3' title='bbox 865 68 940 95; x_wconf 87' lang='lat' dir='ltr'>V11.</span> 
     </span>
    </p>
   </div>
   <div class='ocr_carea' id='block_1_2' title="bbox 111 162 1287 960">
    <p class='ocr_par' dir='ltr' id='par_1_2' title="bbox 112 162 1082 272">
     <span class='ocr_line' id='line_1_2' title="bbox 113 162 1082 210; baseline -0.009 -2"><span class='ocrx_word' id='word_1_4' title='bbox 113 169 208 207; x_wconf 82' lang='lat' dir='ltr'>Sede</span> <span class='ocrx_word' id='word_1_5' title='bbox 227 167 359 206; x_wconf 85' lang='lat' dir='ltr'>sedens</span> <span class='ocrx_word' id='word_1_6' title='bbox 379 165 544 204; x_wconf 87' lang='lat' dir='ltr'>Teucros</span> <span class='ocrx_word' id='word_1_7' title='bbox 564 165 612 202; x_wconf 84' lang='lat' dir='ltr'>ad</span> <span class='ocrx_word' id='word_1_8' title='bbox 630 177 709 202; x_wconf 88' lang='lat' dir='ltr'>sese</span> <span class='ocrx_word' id='word_1_9' title='bbox 728 163 768 201; x_wconf 91' lang='lat' dir='ltr'>in</span> <span class='ocrx_word' id='word_1_10' title='bbox 786 165 891 201; x_wconf 88' lang='lat' dir='ltr'>tecta</span> <span class='ocrx_word' id='word_1_11' title='bbox 908 162 1082 210; x_wconf 83' lang='lat' dir='ltr'>vocavit3</span> 
     </span>
     <span class='ocr_line' id='line_1_3' title="bbox 112 216 1073 272; baseline -0.008 -12"><span class='ocrx_word' id='word_1_12' title='bbox 112 223 243 272; x_wconf 91' lang='lat' dir='ltr'>Atque</span> <span class='ocrx_word' id='word_1_13' title='bbox 261 221 345 258; x_wconf 85' lang='lat' dir='ltr'>haec</span> <span class='ocrx_word' id='word_1_14' title='bbox 363 218 543 270; x_wconf 81' lang='lat' dir='ltr'>ingressis</span> <span class='ocrx_word' id='word_1_15' title='bbox 562 217 709 268; x_wconf 87' lang='lat' dir='ltr'>placido</span> <span class='ocrx_word' id='word_1_16' title='bbox 728 217 831 267; x_wconf 86' lang='lat' dir='ltr'>prior</span> <span class='ocrx_word' id='word_1_17' title='bbox 850 216 969 254; x_wconf 87' lang='lat' dir='ltr'>edidit</span> <span class='ocrx_word' id='word_1_18' title='bbox 989 229 1073 253; x_wconf 83' lang='lat' dir='ltr'>ore:</span> 
     </span>
    </p>

    <p class='ocr_par' dir='ltr' id='par_1_3' title="bbox 111 269 1287 960">
     <span class='ocr_line' id='line_1_4' title="bbox 166 269 1287 320; baseline -0.004 -8"><span class='ocrx_word' id='word_1_19' title='bbox 166 278 187 295; x_wconf 75' lang='lat'>‘⁶</span> <span class='ocrx_word' id='word_1_20' title='bbox 202 274 343 320; x_wconf 90' lang='lat' dir='ltr'>Dicite,</span> <span class='ocrx_word' id='word_1_21' title='bbox 364 271 607 317; x_wconf 87' lang='lat' dir='ltr'>Dardanidae,</span> <span class='ocrx_word' id='word_1_22' title='bbox 626 284 748 319; x_wconf 90' lang='lat' dir='ltr'>neque</span> <span class='ocrx_word' id='word_1_23' title='bbox 767 270 870 308; x_wconf 91' lang='lat' dir='ltr'>enim</span> <span class='ocrx_word' id='word_1_24' title='bbox 888 269 1075 307; x_wconf 85' lang='lat' dir='ltr'>nescimus</span> <span class='ocrx_word' id='word_1_25' title='bbox 1095 271 1135 307; x_wconf 91' lang='lat' dir='ltr'>et</span> <span class='ocrx_word' id='word_1_26' title='bbox 1154 269 1287 307; x_wconf 87' lang='lat' dir='ltr'>urbem</span> 
     </span>
     <span class='ocr_line' id='line_1_5' title="bbox 112 323 1103 378; baseline -0.008 -12"><span class='ocrx_word' id='word_1_27' title='bbox 112 328 169 366; x_wconf 86' lang='lat' dir='ltr'>Et</span> <span class='ocrx_word' id='word_1_28' title='bbox 187 340 318 378; x_wconf 87' lang='lat' dir='ltr'>genus,</span> <span class='ocrx_word' id='word_1_29' title='bbox 338 325 533 375; x_wconf 84' lang='lat' dir='ltr'>auditique</span> <span class='ocrx_word' id='word_1_30' title='bbox 553 323 751 361; x_wconf 67' lang='lat' dir='ltr'><strong>advertitis</strong></span> <span class='ocrx_word' id='word_1_31' title='bbox 770 336 919 372; x_wconf 81' lang='lat' dir='ltr'>aequore</span> <span class='ocrx_word' id='word_1_32' title='bbox 938 336 1103 369; x_wconf 86' lang='lat' dir='ltr'>cursum,</span> 
     </span>
     <span class='ocr_line' id='line_1_6' title="bbox 113 375 1157 431; baseline -0.006 -13"><span class='ocrx_word' id='word_1_33' title='bbox 113 380 215 428; x_wconf 78' lang='lat' dir='ltr'>Quid</span> <span class='ocrx_word' id='word_1_34' title='bbox 232 378 398 431; x_wconf 84' lang='lat' dir='ltr'>petitis?</span> <span class='ocrx_word' id='word_1_35' title='bbox 427 392 508 428; x_wconf 83' lang='lat' dir='ltr'>quae</span> <span class='ocrx_word' id='word_1_36' title='bbox 528 390 640 415; x_wconf 84' lang='lat' dir='ltr'>causa</span> <span class='ocrx_word' id='word_1_37' title='bbox 657 378 769 422; x_wconf 84' lang='lat' dir='ltr'>rates,</span> <span class='ocrx_word' id='word_1_38' title='bbox 789 378 856 413; x_wconf 88' lang='lat' dir='ltr'>aut</span> <span class='ocrx_word' id='word_1_39' title='bbox 877 375 983 426; x_wconf 86' lang='lat' dir='ltr'>cujus</span> <span class='ocrx_word' id='word_1_40' title='bbox 1002 377 1157 425; x_wconf 85' lang='lat' dir='ltr'>egentes</span> 
     </span>
     <span class='ocr_line' id='line_1_7' title="bbox 112 428 1119 480; baseline -0.004 -9"><span class='ocrx_word' id='word_1_41' title='bbox 112 434 226 472; x_wconf 86' lang='lat' dir='ltr'>Litus</span> <span class='ocrx_word' id='word_1_42' title='bbox 246 433 293 470; x_wconf 87' lang='lat' dir='ltr'>ad</span> <span class='ocrx_word' id='word_1_43' title='bbox 312 431 527 469; x_wconf 86' lang='lat' dir='ltr'>Ausonium</span> <span class='ocrx_word' id='word_1_44' title='bbox 545 432 607 467; x_wconf 94' lang='lat' dir='ltr'>tot</span> <span class='ocrx_word' id='word_1_45' title='bbox 629 443 695 480; x_wconf 89' lang='lat' dir='ltr'>per</span> <span class='ocrx_word' id='word_1_46' title='bbox 712 429 810 466; x_wconf 88' lang='lat' dir='ltr'>vada</span> <span class='ocrx_word' id='word_1_47' title='bbox 828 429 965 466; x_wconf 85' lang='lat' dir='ltr'>caerula</span> <span class='ocrx_word' id='word_1_48' title='bbox 982 428 1086 466; x_wconf 76' lang='lat' dir='ltr'>vexit</span> <span class='ocrx_word' id='word_1_49' title='bbox 1101 428 1119 467; x_wconf 75' lang='lat' dir='ltr'>P</span> 
     </span>
     <span class='ocr_line' id='line_1_8' title="bbox 112 482 1002 533; baseline -0.007 -9"><span class='ocrx_word' id='word_1_50' title='bbox 112 487 200 524; x_wconf 86' lang='lat' dir='ltr'>Sive</span> <span class='ocrx_word' id='word_1_51' title='bbox 219 498 341 524; x_wconf 87' lang='lat' dir='ltr'>errore</span> <span class='ocrx_word' id='word_1_52' title='bbox 359 485 443 531; x_wconf 80' lang='lat' dir='ltr'>viae,</span> <span class='ocrx_word' id='word_1_53' title='bbox 463 497 529 521; x_wconf 93' lang='lat' dir='ltr'>seu</span> <span class='ocrx_word' id='word_1_54' title='bbox 546 482 841 533; x_wconf 67' lang='lat' dir='ltr'>tempestatibus</span> <span class='ocrx_word' id='word_1_55' title='bbox 861 482 1002 528; x_wconf 78' lang='lat' dir='ltr'>acti,—</span> 
     </span>
     <span class='ocr_line' id='line_1_9' title="bbox 113 535 1076 587; baseline -0.006 -10"><span class='ocrx_word' id='word_1_56' title='bbox 113 539 248 587; x_wconf 77' lang='lat' dir='ltr'>Qualia</span> <span class='ocrx_word' id='word_1_57' title='bbox 265 538 386 576; x_wconf 82' lang='lat' dir='ltr'>multa</span> <span class='ocrx_word' id='word_1_58' title='bbox 404 537 501 574; x_wconf 86' lang='lat' dir='ltr'>mari</span> <span class='ocrx_word' id='word_1_59' title='bbox 518 538 646 574; x_wconf 86' lang='lat' dir='ltr'>nautae</span> <span class='ocrx_word' id='word_1_60' title='bbox 665 535 866 586; x_wconf 90' lang='lat' dir='ltr'>patiuntur</span> <span class='ocrx_word' id='word_1_61' title='bbox 883 535 924 572; x_wconf 87' lang='lat' dir='ltr'>in</span> <span class='ocrx_word' id='word_1_62' title='bbox 943 535 1076 572; x_wconf 84' lang='lat' dir='ltr'>alto-</span> 
     </span>
     <span class='ocr_line' id='line_1_10' title="bbox 112 588 1010 640; baseline -0.007 -10"><span class='ocrx_word' id='word_1_63' title='bbox 112 591 302 631; x_wconf 84' lang='lat' dir='ltr'>Fluminis</span> <span class='ocrx_word' id='word_1_64' title='bbox 321 591 494 628; x_wconf 87' lang='lat' dir='ltr'>intrastis</span> <span class='ocrx_word' id='word_1_65' title='bbox 513 590 624 640; x_wconf 81' lang='lat' dir='ltr'>ripas,</span> <span class='ocrx_word' id='word_1_66' title='bbox 643 590 831 640; x_wconf 90' lang='lat' dir='ltr'>portuque</span> <span class='ocrx_word' id='word_1_67' title='bbox 851 588 1010 626; x_wconf 86' lang='lat' dir='ltr'>sedetis:</span> 
     </span>
     <span class='ocr_line' id='line_1_11' title="bbox 111 641 1044 696; baseline -0.005 -13"><span class='ocrx_word' id='word_1_68' title='bbox 111 646 175 684; x_wconf 88' lang='lat' dir='ltr'>Ne</span> <span class='ocrx_word' id='word_1_69' title='bbox 193 645 316 696; x_wconf 81' lang='lat' dir='ltr'>fugite</span> <span class='ocrx_word' id='word_1_70' title='bbox 334 643 556 694; x_wconf 83' lang='lat' dir='ltr'>hospitium,</span> <span class='ocrx_word' id='word_1_71' title='bbox 576 656 670 680; x_wconf 89' lang='lat' dir='ltr'>neve</span> <span class='ocrx_word' id='word_1_72' title='bbox 689 642 864 692; x_wconf 86' lang='lat' dir='ltr'>ignorate</span> <span class='ocrx_word' id='word_1_73' title='bbox 883 641 1044 679; x_wconf 82' lang='lat' dir='ltr'>Latinos</span> 
     </span>
     <span class='ocr_line' id='line_1_12' title="bbox 112 694 1152 748; baseline -0.006 -12"><span class='ocrx_word' id='word_1_74' title='bbox 112 698 268 736; x_wconf 84' lang='lat' dir='ltr'>Saturni</span> <span class='ocrx_word' id='word_1_75' title='bbox 286 699 454 748; x_wconf 82' lang='lat' dir='ltr'>gentem,</span> <span class='ocrx_word' id='word_1_76' title='bbox 473 696 577 734; x_wconf 89' lang='lat' dir='ltr'>haud</span> <span class='ocrx_word' id='word_1_77' title='bbox 594 695 720 733; x_wconf 86' lang='lat' dir='ltr'>vinclo</span> <span class='ocrx_word' id='word_1_78' title='bbox 739 708 807 732; x_wconf 87' lang='lat' dir='ltr'>nec</span> <span class='ocrx_word' id='word_1_79' title='bbox 825 694 972 744; x_wconf 86' lang='lat' dir='ltr'>legibus</span> <span class='ocrx_word' id='word_1_80' title='bbox 992 706 1152 744; x_wconf 77' lang='lat' dir='ltr'>aequam,</span> 
     </span>
     <span class='ocr_line' id='line_1_13' title="bbox 112 748 1062 802; baseline -0.006 -12"><span class='ocrx_word' id='word_1_81' title='bbox 112 752 256 802; x_wconf 83' lang='lat' dir='ltr'>Sponte</span> <span class='ocrx_word' id='word_1_82' title='bbox 275 764 343 788; x_wconf 86' lang='lat' dir='ltr'>sua</span> <span class='ocrx_word' id='word_1_83' title='bbox 360 749 574 800; x_wconf 84' lang='lat' dir='ltr'>veterisque</span> <span class='ocrx_word' id='word_1_84' title='bbox 594 748 654 786; x_wconf 87' lang='lat' dir='ltr'>dei</span> <span class='ocrx_word' id='word_1_85' title='bbox 674 762 712 786; x_wconf 89' lang='lat' dir='ltr'>se</span> <span class='ocrx_word' id='word_1_86' title='bbox 731 761 835 785; x_wconf 89' lang='lat' dir='ltr'>more</span> <span class='ocrx_word' id='word_1_87' title='bbox 854 750 1062 785; x_wconf 86' lang='lat' dir='ltr'>tenentem.</span> 
     </span>
     <span class='ocr_line' id='line_1_14' title="bbox 111 800 1235 854; baseline -0.004 -12"><span class='ocrx_word' id='word_1_88' title='bbox 111 805 242 854; x_wconf 88' lang='lat' dir='ltr'>Atque</span> <span class='ocrx_word' id='word_1_89' title='bbox 261 803 436 854; x_wconf 85' lang='lat' dir='ltr'>equidem</span> <span class='ocrx_word' id='word_1_90' title='bbox 454 802 767 840; x_wconf 85' lang='lat' dir='ltr'>memini—fama</span> <span class='ocrx_word' id='word_1_91' title='bbox 785 803 843 838; x_wconf 90' lang='lat' dir='ltr'>est</span> <span class='ocrx_word' id='word_1_92' title='bbox 863 801 1055 838; x_wconf 82' lang='lat' dir='ltr'>obscurior</span> <span class='ocrx_word' id='word_1_93' title='bbox 1074 800 1235 838; x_wconf 87' lang='lat' dir='ltr'>annis—-</span> 
     </span>
     <span class='ocr_line' id='line_1_15' title="bbox 112 854 1027 904; baseline -0.007 -8"><span class='ocrx_word' id='word_1_94' title='bbox 112 858 312 895; x_wconf 78' lang='lat' dir='ltr'>Auruncos</span> <span class='ocrx_word' id='word_1_95' title='bbox 330 857 387 895; x_wconf 89' lang='lat' dir='ltr'>ita</span> <span class='ocrx_word' id='word_1_96' title='bbox 404 857 501 894; x_wconf 88' lang='lat' dir='ltr'>ferre</span> <span class='ocrx_word' id='word_1_97' title='bbox 520 868 638 902; x_wconf 82' lang='lat' dir='ltr'>senes,</span> <span class='ocrx_word' id='word_1_98' title='bbox 657 854 717 892; x_wconf 88' lang='lat' dir='ltr'>his</span> <span class='ocrx_word' id='word_1_99' title='bbox 737 856 843 892; x_wconf 84' lang='lat' dir='ltr'>ortus</span> <span class='ocrx_word' id='word_1_100' title='bbox 862 856 907 892; x_wconf 90' lang='lat' dir='ltr'>ut</span> <span class='ocrx_word' id='word_1_101' title='bbox 927 854 1027 904; x_wconf 83' lang='lat' dir='ltr'>agris</span> 
     </span>
     <span class='ocr_line' id='line_1_16' title="bbox 112 907 1099 960; baseline -0.005 -11"><span class='ocrx_word' id='word_1_102' title='bbox 112 911 315 949; x_wconf 83' lang='lat' dir='ltr'>Dardanus</span> <span class='ocrx_word' id='word_1_103' title='bbox 334 910 460 947; x_wconf 86' lang='lat' dir='ltr'>Idaeas</span> <span class='ocrx_word' id='word_1_104' title='bbox 480 908 662 960; x_wconf 76' lang='lat' dir='ltr'>Phrygiae</span> <span class='ocrx_word' id='word_1_105' title='bbox 681 907 890 958; x_wconf 83' lang='lat' dir='ltr'>penetrarit</span> <span class='ocrx_word' id='word_1_106' title='bbox 910 908 958 945; x_wconf 85' lang='lat' dir='ltr'>ad</span> <span class='ocrx_word' id='word_1_107' title='bbox 975 907 1099 953; x_wconf 89' lang='lat' dir='ltr'>urbes,</span> 
     </span>
    </p>
   </div>
   <div class='ocr_carea' id='block_1_3' title="bbox 344 1030 1133 1416">
    <p class='ocr_par' dir='ltr' id='par_1_4' title="bbox 344 1030 1133 1416">
     <span class='ocr_line' id='line_1_17' title="bbox 344 1030 1133 1416; baseline 0 1328"><span class='ocrx_word' id='word_1_108' title='bbox 344 1030 1133 1416; x_wconf 95' lang='lat' dir='ltr'> </span> 
     </span>
    </p>
   </div>
   <div class='ocr_carea' id='block_1_4' title="bbox 108 1492 1246 2607">
    <p class='ocr_par' dir='ltr' id='par_1_5' title="bbox 108 1492 1246 2607">
     <span class='ocr_line' id='line_1_18' title="bbox 109 1492 1246 1545; baseline 0 -16"><span class='ocrx_word' id='word_1_109' title='bbox 109 1492 400 1544; x_wconf 72' lang='lat' dir='ltr'>Threiciamque</span> <span class='ocrx_word' id='word_1_110' title='bbox 421 1493 589 1541; x_wconf 80' lang='lat' dir='ltr'>Samum,</span> <span class='ocrx_word' id='word_1_111' title='bbox 610 1509 693 1545; x_wconf 68' lang='lat' dir='ltr'>quac</span> <span class='ocrx_word' id='word_1_112' title='bbox 713 1509 814 1533; x_wconf 84' lang='lat' dir='ltr'>nunc</span> <span class='ocrx_word' id='word_1_113' title='bbox 835 1494 1097 1533; x_wconf 80' lang='lat' dir='ltr'>Samothracia</span> <span class='ocrx_word' id='word_1_114' title='bbox 1115 1494 1246 1531; x_wconf 85' lang='lat' dir='ltr'>fertur.</span> 
     </span>
     <span class='ocr_line' id='line_1_19' title="bbox 110 1545 1155 1598; baseline 0.002 -16"><span class='ocrx_word' id='word_1_115' title='bbox 110 1545 216 1583; x_wconf 85' lang='lat' dir='ltr'>Hinc</span> <span class='ocrx_word' id='word_1_116' title='bbox 233 1546 342 1583; x_wconf 85' lang='lat' dir='ltr'>illum</span> <span class='ocrx_word' id='word_1_117' title='bbox 363 1546 526 1597; x_wconf 84' lang='lat' dir='ltr'>Corythi</span> <span class='ocrx_word' id='word_1_118' title='bbox 546 1549 746 1598; x_wconf 82' lang='lat' dir='ltr'>Tyrrhena</span> <span class='ocrx_word' id='word_1_119' title='bbox 765 1549 812 1586; x_wconf 91' lang='lat' dir='ltr'>ab</span> <span class='ocrx_word' id='word_1_120' title='bbox 832 1549 918 1586; x_wconf 81' lang='lat' dir='ltr'>sede</span> <span class='ocrx_word' id='word_1_121' title='bbox 939 1549 1155 1598; x_wconf 84' lang='lat' dir='ltr'>profectum</span> 
     </span>
     <span class='ocr_line' id='line_1_20' title="bbox 110 1599 903 1652; baseline 0.005 -18"><span class='ocrx_word' id='word_1_122' title='bbox 110 1599 237 1635; x_wconf 84' lang='lat' dir='ltr'>Aurea</span> <span class='ocrx_word' id='word_1_123' title='bbox 255 1613 356 1636; x_wconf 83' lang='lat' dir='ltr'>nunc</span> <span class='ocrx_word' id='word_1_124' title='bbox 375 1600 467 1638; x_wconf 92' lang='lat' dir='ltr'>solio</span> <span class='ocrx_word' id='word_1_125' title='bbox 487 1601 676 1639; x_wconf 83' lang='lat' dir='ltr'>stellantis</span> <span class='ocrx_word' id='word_1_126' title='bbox 695 1602 798 1652; x_wconf 85' lang='lat' dir='ltr'>regia</span> <span class='ocrx_word' id='word_1_127' title='bbox 818 1601 903 1638; x_wconf 80' lang='lat' dir='ltr'>coeli</span> 
     </span>
     <span class='ocr_line' id='line_1_21' title="bbox 109 1651 1117 1700; baseline 0.003 -13"><span class='ocrx_word' id='word_1_128' title='bbox 109 1651 273 1700; x_wconf 87' lang='lat' dir='ltr'>Accipit,</span> <span class='ocrx_word' id='word_1_129' title='bbox 294 1654 332 1689; x_wconf 85' lang='lat' dir='ltr'>et</span> <span class='ocrx_word' id='word_1_130' title='bbox 351 1666 553 1690; x_wconf 89' lang='lat' dir='ltr'>numerum</span> <span class='ocrx_word' id='word_1_131' title='bbox 572 1654 746 1691; x_wconf 84' lang='lat' dir='ltr'>divorum</span> <span class='ocrx_word' id='word_1_132' title='bbox 766 1654 950 1691; x_wconf 82' lang='lat' dir='ltr'>altaribus</span> <span class='ocrx_word' id='word_1_133' title='bbox 970 1653 1117 1691; x_wconf 80' lang='lat' dir='ltr'>addit.’⁷</span> 
     </span>
     <span class='ocr_line' id='line_1_22' title="bbox 164 1704 1134 1744; baseline 0.004 -4"><span class='ocrx_word' id='word_1_134' title='bbox 164 1704 337 1742; x_wconf 80' lang='lat' dir='ltr'>Dixerat.</span> <span class='ocrx_word' id='word_1_135' title='bbox 393 1705 449 1742; x_wconf 86' lang='lat' dir='ltr'>Et</span> <span class='ocrx_word' id='word_1_136' title='bbox 469 1706 571 1743; x_wconf 82' lang='lat' dir='ltr'>dicta</span> <span class='ocrx_word' id='word_1_137' title='bbox 590 1706 757 1744; x_wconf 84' lang='lat' dir='ltr'>Ilioneus</span> <span class='ocrx_word' id='word_1_138' title='bbox 778 1707 830 1744; x_wconf 88' lang='lat' dir='ltr'>sic</span> <span class='ocrx_word' id='word_1_139' title='bbox 849 1721 940 1744; x_wconf 88' lang='lat' dir='ltr'>voce</span> <span class='ocrx_word' id='word_1_140' title='bbox 960 1709 1110 1744; x_wconf 80' lang='lat' dir='ltr'>secutus</span> <span class='ocrx_word' id='word_1_141' title='bbox 1127 1723 1134 1743; x_wconf 80' lang='lat' dir='ltr'><em>z</em></span> 
     </span>
     <span class='ocr_line' id='line_1_23' title="bbox 110 1756 1168 1809; baseline 0.004 -16"><span class='ocrx_word' id='word_1_142' title='bbox 110 1759 131 1775; x_wconf 72' lang='lat'>‘⁶</span> <span class='ocrx_word' id='word_1_143' title='bbox 148 1756 244 1803; x_wconf 77' lang='lat' dir='ltr'>Rex,</span> <span class='ocrx_word' id='word_1_144' title='bbox 264 1771 384 1807; x_wconf 87' lang='lat' dir='ltr'>genus</span> <span class='ocrx_word' id='word_1_145' title='bbox 404 1759 599 1809; x_wconf 81' lang='lat' dir='ltr'>egregium</span> <span class='ocrx_word' id='word_1_146' title='bbox 621 1760 756 1806; x_wconf 80' lang='lat' dir='ltr'>Fauni,</span> <span class='ocrx_word' id='word_1_147' title='bbox 775 1773 844 1797; x_wconf 81' lang='lat' dir='ltr'>nec</span> <span class='ocrx_word' id='word_1_148' title='bbox 864 1760 1043 1797; x_wconf 77' lang='lat' dir='ltr'>fiuctibus</span> <span class='ocrx_word' id='word_1_149' title='bbox 1063 1762 1168 1797; x_wconf 83' lang='lat' dir='ltr'>actos</span> 
     </span>
     <span class='ocr_line' id='line_1_24' title="bbox 110 1810 1035 1861; baseline 0.004 -15"><span class='ocrx_word' id='word_1_150' title='bbox 110 1810 210 1847; x_wconf 87' lang='lat' dir='ltr'>Atra</span> <span class='ocrx_word' id='word_1_151' title='bbox 228 1811 380 1861; x_wconf 82' lang='lat' dir='ltr'>subegit</span> <span class='ocrx_word' id='word_1_152' title='bbox 399 1811 521 1849; x_wconf 88' lang='lat' dir='ltr'>hiems</span> <span class='ocrx_word' id='word_1_153' title='bbox 541 1813 677 1850; x_wconf 88' lang='lat' dir='ltr'>vestris</span> <span class='ocrx_word' id='word_1_154' title='bbox 697 1813 893 1850; x_wconf 83' lang='lat' dir='ltr'>succedere</span> <span class='ocrx_word' id='word_1_155' title='bbox 912 1813 1035 1859; x_wconf 85' lang='lat' dir='ltr'>terris,</span> 
     </span>
     <span class='ocr_line' id='line_1_25' title="bbox 108 1862 912 1914; baseline 0.005 -15"><span class='ocrx_word' id='word_1_156' title='bbox 108 1862 150 1899; x_wconf 90' lang='lat' dir='ltr'>N</span> <span class='ocrx_word' id='word_1_157' title='bbox 152 1875 193 1900; x_wconf 84' lang='lat' dir='ltr'>ec</span> <span class='ocrx_word' id='word_1_158' title='bbox 212 1863 316 1901; x_wconf 83' lang='lat' dir='ltr'>sidus</span> <span class='ocrx_word' id='word_1_159' title='bbox 335 1864 488 1914; x_wconf 83' lang='lat' dir='ltr'>regione</span> <span class='ocrx_word' id='word_1_160' title='bbox 507 1865 577 1903; x_wconf 84' lang='lat' dir='ltr'>viae</span> <span class='ocrx_word' id='word_1_161' title='bbox 596 1866 735 1904; x_wconf 86' lang='lat' dir='ltr'>litusve</span> <span class='ocrx_word' id='word_1_162' title='bbox 755 1866 888 1904; x_wconf 88' lang='lat' dir='ltr'>fefellit</span> <span class='ocrx_word' id='word_1_163' title='bbox 905 1882 912 1903; x_wconf 83' lang='lat' dir='ltr'>z</span> 
     </span>
     <span class='ocr_line' id='line_1_26' title="bbox 109 1914 1163 1968; baseline 0.003 -16"><span class='ocrx_word' id='word_1_164' title='bbox 109 1914 276 1954; x_wconf 85' lang='lat' dir='ltr'>Consilio</span> <span class='ocrx_word' id='word_1_165' title='bbox 295 1917 393 1954; x_wconf 85' lang='lat' dir='ltr'>hanc</span> <span class='ocrx_word' id='word_1_166' title='bbox 413 1931 543 1956; x_wconf 86' lang='lat' dir='ltr'>omnes</span> <span class='ocrx_word' id='word_1_167' title='bbox 568 1919 777 1968; x_wconf 84' lang='lat' dir='ltr'>animisque</span> <span class='ocrx_word' id='word_1_168' title='bbox 796 1918 1011 1956; x_wconf 85' lang='lat' dir='ltr'>volentibus</span> <span class='ocrx_word' id='word_1_169' title='bbox 1030 1919 1163 1956; x_wconf 89' lang='lat' dir='ltr'>urbem</span> 
     </span>
     <span class='ocr_line' id='line_1_27' title="bbox 108 1968 1098 2022; baseline 0.004 -17"><span class='ocrx_word' id='word_1_170' title='bbox 108 1968 326 2016; x_wconf 83' lang='lat' dir='ltr'>Afferimur,</span> <span class='ocrx_word' id='word_1_171' title='bbox 346 1971 444 2020; x_wconf 90' lang='lat' dir='ltr'>pulsi</span> <span class='ocrx_word' id='word_1_172' title='bbox 463 1971 601 2021; x_wconf 86' lang='lat' dir='ltr'>regnis,</span> <span class='ocrx_word' id='word_1_173' title='bbox 622 1986 702 2021; x_wconf 81' lang='lat' dir='ltr'>quae</span> <span class='ocrx_word' id='word_1_174' title='bbox 722 1973 887 2009; x_wconf 79' lang='lat' dir='ltr'>maxima</span> <span class='ocrx_word' id='word_1_175' title='bbox 906 1972 1098 2022; x_wconf 84' lang='lat' dir='ltr'>quondam</span> 
     </span>
     <span class='ocr_line' id='line_1_28' title="bbox 109 2021 974 2076; baseline 0.003 -17"><span class='ocrx_word' id='word_1_176' title='bbox 109 2021 296 2060; x_wconf 80' lang='lat' dir='ltr'>Extremo</span> <span class='ocrx_word' id='word_1_177' title='bbox 316 2024 469 2061; x_wconf 86' lang='lat' dir='ltr'>veniens</span> <span class='ocrx_word' id='word_1_178' title='bbox 489 2024 554 2062; x_wconf 88' lang='lat' dir='ltr'>Sol</span> <span class='ocrx_word' id='word_1_179' title='bbox 572 2025 776 2075; x_wconf 87' lang='lat' dir='ltr'>aspiciebat</span> <span class='ocrx_word' id='word_1_180' title='bbox 797 2025 974 2076; x_wconf 81' lang='lat' dir='ltr'>Olympo.</span> 
     </span>
     <span class='ocr_line' id='line_1_29' title="bbox 108 2075 1191 2128; baseline 0.004 -16"><span class='ocrx_word' id='word_1_181' title='bbox 108 2075 171 2113; x_wconf 87' lang='lat' dir='ltr'>Ab</span> <span class='ocrx_word' id='word_1_182' title='bbox 192 2075 290 2114; x_wconf 84' lang='lat' dir='ltr'>Jove</span> <span class='ocrx_word' id='word_1_183' title='bbox 309 2076 537 2127; x_wconf 88' lang='lat' dir='ltr'>principium</span> <span class='ocrx_word' id='word_1_184' title='bbox 557 2079 727 2128; x_wconf 81' lang='lat' dir='ltr'>generis;</span> <span class='ocrx_word' id='word_1_185' title='bbox 757 2078 856 2116; x_wconf 84' lang='lat' dir='ltr'>Jove</span> <span class='ocrx_word' id='word_1_186' title='bbox 875 2078 1056 2115; x_wconf 84' lang='lat' dir='ltr'>Dardana</span> <span class='ocrx_word' id='word_1_187' title='bbox 1074 2078 1191 2128; x_wconf 83' lang='lat' dir='ltr'>pubes</span> 
     </span>
     <span class='ocr_line' id='line_1_30' title="bbox 111 2128 1130 2182; baseline 0.004 -17"><span class='ocrx_word' id='word_1_188' title='bbox 111 2128 262 2166; x_wconf 80' lang='lat' dir='ltr'>Gaudet</span> <span class='ocrx_word' id='word_1_189' title='bbox 282 2143 373 2167; x_wconf 86' lang='lat' dir='ltr'>avo:</span> <span class='ocrx_word' id='word_1_190' title='bbox 404 2130 488 2167; x_wconf 77' lang='lat' dir='ltr'>Rex</span> <span class='ocrx_word' id='word_1_191' title='bbox 506 2131 597 2181; x_wconf 87' lang='lat' dir='ltr'>ipse,</span> <span class='ocrx_word' id='word_1_192' title='bbox 618 2131 645 2168; x_wconf 86' lang='lat' dir='ltr'><strong>J</strong></span> <span class='ocrx_word' id='word_1_193' title='bbox 648 2131 728 2169; x_wconf 88' lang='lat' dir='ltr'>ovis</span> <span class='ocrx_word' id='word_1_194' title='bbox 748 2132 793 2169; x_wconf 89' lang='lat' dir='ltr'>de</span> <span class='ocrx_word' id='word_1_195' title='bbox 812 2134 926 2182; x_wconf 87' lang='lat' dir='ltr'>gente</span> <span class='ocrx_word' id='word_1_196' title='bbox 946 2145 1130 2182; x_wconf 85' lang='lat' dir='ltr'>suprema,</span> 
     </span>
     <span class='ocr_line' id='line_1_31' title="bbox 110 2179 936 2222; baseline 0.006 -5"><span class='ocrx_word' id='word_1_197' title='bbox 110 2179 248 2219; x_wconf 76' lang='lat' dir='ltr'>Troius</span> <span class='ocrx_word' id='word_1_198' title='bbox 269 2182 408 2220; x_wconf 84' lang='lat' dir='ltr'>AEneas</span> <span class='ocrx_word' id='word_1_199' title='bbox 427 2186 496 2221; x_wconf 89' lang='lat' dir='ltr'>tua</span> <span class='ocrx_word' id='word_1_200' title='bbox 514 2198 582 2221; x_wconf 86' lang='lat' dir='ltr'>nos</span> <span class='ocrx_word' id='word_1_201' title='bbox 603 2185 650 2222; x_wconf 87' lang='lat' dir='ltr'>ad</span> <span class='ocrx_word' id='word_1_202' title='bbox 668 2185 800 2222; x_wconf 89' lang='lat' dir='ltr'>limina</span> <span class='ocrx_word' id='word_1_203' title='bbox 819 2185 936 2222; x_wconf 89' lang='lat' dir='ltr'>misit.</span> 
     </span>
     <span class='ocr_line' id='line_1_32' title="bbox 112 2233 952 2289; baseline 0.004 -18"><span class='ocrx_word' id='word_1_204' title='bbox 112 2233 264 2280; x_wconf 78' lang='lat' dir='ltr'>Quanta</span> <span class='ocrx_word' id='word_1_205' title='bbox 282 2249 348 2286; x_wconf 86' lang='lat' dir='ltr'>per</span> <span class='ocrx_word' id='word_1_206' title='bbox 368 2236 491 2274; x_wconf 84' lang='lat' dir='ltr'>Idaeos</span> <span class='ocrx_word' id='word_1_207' title='bbox 513 2237 621 2275; x_wconf 79' lang='lat' dir='ltr'>saevis</span> <span class='ocrx_word' id='word_1_208' title='bbox 640 2239 758 2276; x_wconf 87' lang='lat' dir='ltr'>effusa</span> <span class='ocrx_word' id='word_1_209' title='bbox 777 2238 952 2289; x_wconf 82' lang='lat' dir='ltr'>Mycenis</span> 
     </span>
     <span class='ocr_line' id='line_1_33' title="bbox 112 2285 1105 2341; baseline 0.006 -18"><span class='ocrx_word' id='word_1_210' title='bbox 112 2285 333 2338; x_wconf 86' lang='lat' dir='ltr'>Tempestas</span> <span class='ocrx_word' id='word_1_211' title='bbox 351 2289 438 2327; x_wconf 85' lang='lat' dir='ltr'>ierit</span> <span class='ocrx_word' id='word_1_212' title='bbox 459 2304 633 2340; x_wconf 86' lang='lat' dir='ltr'>campos;</span> <span class='ocrx_word' id='word_1_213' title='bbox 662 2291 798 2341; x_wconf 86' lang='lat' dir='ltr'>quibus</span> <span class='ocrx_word' id='word_1_214' title='bbox 818 2294 926 2328; x_wconf 87' lang='lat' dir='ltr'>actus</span> <span class='ocrx_word' id='word_1_215' title='bbox 946 2293 1105 2341; x_wconf 82' lang='lat' dir='ltr'>uterque</span> 
     </span>
     <span class='ocr_line' id='line_1_34' title="bbox 112 2338 1031 2392; baseline 0.007 -16"><span class='ocrx_word' id='word_1_216' title='bbox 112 2338 275 2390; x_wconf 77' lang='lat' dir='ltr'>Europae</span> <span class='ocrx_word' id='word_1_217' title='bbox 295 2344 409 2392; x_wconf 86' lang='lat' dir='ltr'>atque</span> <span class='ocrx_word' id='word_1_218' title='bbox 428 2343 530 2381; x_wconf 83' lang='lat' dir='ltr'>Asiae</span> <span class='ocrx_word' id='word_1_219' title='bbox 550 2344 639 2381; x_wconf 85' lang='lat' dir='ltr'>fatis</span> <span class='ocrx_word' id='word_1_220' title='bbox 659 2345 890 2383; x_wconf 85' lang='lat' dir='ltr'>concurrerit</span> <span class='ocrx_word' id='word_1_221' title='bbox 909 2345 1031 2382; x_wconf 86' lang='lat' dir='ltr'>orbis:</span> 
     </span>
     <span class='ocr_line' id='line_1_35' title="bbox 113 2392 963 2446; baseline 0.008 -18"><span class='ocrx_word' id='word_1_222' title='bbox 113 2392 259 2440; x_wconf 84' lang='lat' dir='ltr'>Audiit,</span> <span class='ocrx_word' id='word_1_223' title='bbox 279 2397 318 2432; x_wconf 92' lang='lat' dir='ltr'>et</span> <span class='ocrx_word' id='word_1_224' title='bbox 337 2396 369 2432; x_wconf 87' lang='lat' dir='ltr'>si</span> <span class='ocrx_word' id='word_1_225' title='bbox 388 2410 500 2446; x_wconf 90' lang='lat' dir='ltr'>quem</span> <span class='ocrx_word' id='word_1_226' title='bbox 518 2397 631 2435; x_wconf 84' lang='lat' dir='ltr'>tellus</span> <span class='ocrx_word' id='word_1_227' title='bbox 651 2400 820 2436; x_wconf 78' lang='lat' dir='ltr'>extrema</span> <span class='ocrx_word' id='word_1_228' title='bbox 838 2398 963 2435; x_wconf 85' lang='lat' dir='ltr'>refuso</span> 
     </span>
     <span class='ocr_line' id='line_1_36' title="bbox 114 2444 1136 2500; baseline 0.007 -19"><span class='ocrx_word' id='word_1_229' title='bbox 114 2444 322 2485; x_wconf 85' lang='lat' dir='ltr'>Submovet</span> <span class='ocrx_word' id='word_1_230' title='bbox 341 2448 502 2496; x_wconf 85' lang='lat' dir='ltr'>Oceano,</span> <span class='ocrx_word' id='word_1_231' title='bbox 522 2452 561 2487; x_wconf 90' lang='lat' dir='ltr'>et</span> <span class='ocrx_word' id='word_1_232' title='bbox 581 2450 612 2487; x_wconf 88' lang='lat' dir='ltr'>si</span> <span class='ocrx_word' id='word_1_233' title='bbox 631 2464 744 2500; x_wconf 90' lang='lat' dir='ltr'>quem</span> <span class='ocrx_word' id='word_1_234' title='bbox 763 2453 920 2488; x_wconf 84' lang='lat' dir='ltr'>extenta</span> <span class='ocrx_word' id='word_1_235' title='bbox 938 2451 1136 2500; x_wconf 80' lang='lat' dir='ltr'>plagarum</span> 
     </span>
     <span class='ocr_line' id='line_1_37' title="bbox 114 2497 1049 2554; baseline 0.006 -19"><span class='ocrx_word' id='word_1_236' title='bbox 114 2497 285 2544; x_wconf 83' lang='lat' dir='ltr'>Quatuor</span> <span class='ocrx_word' id='word_1_237' title='bbox 302 2501 342 2538; x_wconf 87' lang='lat' dir='ltr'>in</span> <span class='ocrx_word' id='word_1_238' title='bbox 361 2502 485 2540; x_wconf 87' lang='lat' dir='ltr'>medio</span> <span class='ocrx_word' id='word_1_239' title='bbox 506 2503 651 2541; x_wconf 85' lang='lat' dir='ltr'>dirimit</span> <span class='ocrx_word' id='word_1_240' title='bbox 670 2504 782 2554; x_wconf 85' lang='lat' dir='ltr'>plaga</span> <span class='ocrx_word' id='word_1_241' title='bbox 802 2504 899 2540; x_wconf 84' lang='lat' dir='ltr'>Solis</span> <span class='ocrx_word' id='word_1_242' title='bbox 919 2503 1049 2553; x_wconf 86' lang='lat' dir='ltr'>iniqui.</span> 
     </span>
     <span class='ocr_line' id='line_1_38' title="bbox 114 2549 1000 2607; baseline 0.008 -20"><span class='ocrx_word' id='word_1_243' title='bbox 114 2549 269 2590; x_wconf 84' lang='lat' dir='ltr'>Diluvio</span> <span class='ocrx_word' id='word_1_244' title='bbox 289 2566 334 2591; x_wconf 83' lang='lat' dir='ltr'>ex</span> <span class='ocrx_word' id='word_1_245' title='bbox 351 2554 416 2593; x_wconf 88' lang='lat' dir='ltr'>illo</span> <span class='ocrx_word' id='word_1_246' title='bbox 434 2558 497 2594; x_wconf 92' lang='lat' dir='ltr'>tot</span> <span class='ocrx_word' id='word_1_247' title='bbox 516 2559 624 2594; x_wconf 81' lang='lat' dir='ltr'>vasta</span> <span class='ocrx_word' id='word_1_248' title='bbox 643 2571 709 2607; x_wconf 89' lang='lat' dir='ltr'>per</span> <span class='ocrx_word' id='word_1_249' title='bbox 730 2570 881 2606; x_wconf 80' lang='lat' dir='ltr'>aequora</span> <span class='ocrx_word' id='word_1_250' title='bbox 899 2557 1000 2594; x_wconf 86' lang='lat' dir='ltr'>vecti</span> 
     </span>
    </p>
   </div>
   <div class='ocr_carea' id='block_1_5' title="bbox 1308 61 1358 97">
    <p class='ocr_par' dir='ltr' id='par_1_6' title="bbox 1308 61 1358 97">
     <span class='ocr_line' id='line_1_39' title="bbox 1308 61 1358 97; baseline 0 0"><span class='ocrx_word' id='word_1_251' title='bbox 1308 61 1358 97; x_wconf 88' lang='lat'>25</span> 
     </span>
    </p>
   </div>
  </div>
 </body>
</html>
