1705 2744
208 65 257 101 58
605 75 640 101 P.
659 73 845 100 vmeun
863 72 1051 99 MAnoms

218 967 365 1018 Oraque
384 966 584 1005 corticibus
604 968 759 1004 sumunt
777 963 963 1004 horrenda
981 963 1143 1011 cavatis,

218 1022 273 1058 Et
291 1024 343 1068 te,
363 1021 523 1068 Bacche,
543 1023 681 1059 vocant
699 1034 766 1071 per
784 1019 950 1057 carmina
967 1018 1064 1064 laeta,
1082 1018 1227 1069 tibique

218 1075 359 1112 Oscilla
376 1088 421 1112 ex
439 1074 517 1112 alta
535 1074 770 1125 suspendunt
787 1072 917 1110 mollia
936 1072 1040 1122 pinu.

218 1127 324 1166 Hinc
344 1127 465 1166 omnis
484 1128 590 1178 largo
607 1127 780 1177 pubescit
798 1126 908 1163 vinea
924 1126 1028 1172 fetu,

218 1181 467 1232 Complentur
485 1181 674 1230 vallesque
693 1193 792 1217 cavae
811 1179 1002 1229 saltusque
1016 1177 1203 1228 profundi,

218 1234 274 1272 Et
293 1247 528 1285 quocumque
547 1234 638 1272 deus
657 1233 797 1271 circum
816 1234 929 1282 caput
949 1231 1028 1282 egit
1046 1231 1260 1269 honestum.

218 1287 325 1338 Ergo
343 1288 416 1325 rite
435 1301 546 1324 suum
564 1287 716 1324 Baccho
735 1286 900 1324 dicemus
919 1285 1100 1322 honorem

220 1340 458 1378 Carminibus
477 1340 621 1390 patriis,
639 1340 837 1389 lancesque
856 1341 895 1376 et
912 1339 990 1376 liba
1006 1338 1167 1375 feremus
1182 1353 1190 1383 3

219 1394 275 1431 Et
293 1394 430 1432 ductus
449 1407 566 1431 cornu
584 1393 701 1431 stabit
721 1406 822 1430 sacer
840 1392 966 1429 hircus
986 1391 1033 1428 ad
1051 1404 1165 1437 aram,

220 1447 457 1497 Pinguiaque
474 1447 515 1484 in
533 1446 682 1484 veribus
700 1445 927 1483 torrebimus
946 1447 1034 1482 exta
1052 1443 1226 1482 colurnis.

273 1501 348 1538 Est
367 1501 483 1538 etiam
504 1500 566 1538 ille
584 1499 689 1537 labor
707 1499 880 1537 curandis
899 1497 1041 1535 vitibus
1061 1497 1168 1543 alter,

222 1553 293 1591 Cui
310 1567 506 1604 nunquam
525 1553 698 1591 exhausti
717 1552 808 1590 satis
827 1553 906 1590 est:
935 1564 1096 1601 namque
1116 1562 1225 1588 omne
1240 1547 1441 1599 quotannis

221 1607 368 1657 Terque
387 1609 593 1657 quaterque
612 1606 734 1643 solum
752 1604 1008 1651 scindendum,
1027 1604 1209 1654 glebaque
1226 1602 1341 1640 versis

221 1660 425 1698 AEternum
442 1659 649 1710 frangenda
666 1659 882 1697 bidentibus
897 1675 905 1705 3
933 1671 1043 1695 omne
1060 1656 1263 1695 levandum

223 1713 374 1751 Fronde
393 1727 547 1760 nemus3
574 1712 673 1750 redit
692 1712 864 1763 agricolis
881 1711 986 1749 labor
1005 1713 1111 1748 actus
1129 1709 1170 1747 in
1189 1710 1328 1754 orbem,

223 1767 352 1817 Atque
369 1767 410 1804 in
429 1780 467 1804 se
486 1780 554 1804 sua
571 1779 637 1817 per
654 1765 817 1816 vestigia
834 1764 1000 1802 volvitur
1019 1777 1150 1801 annus.

223 1821 280 1858 Ac
295 1820 375 1870 jam
394 1819 495 1867 olim,
515 1833 613 1858 seras
631 1819 758 1870 posuit
773 1831 890 1869 quum
908 1817 1017 1855 vinea
1033 1817 1194 1863 frondes,

224 1873 403 1924 Frigidus
422 1875 461 1911 et
480 1873 581 1910 silvis
600 1873 725 1923 aquilo
744 1871 907 1910 decussit
924 1871 1128 1917 honorem3

225 1926 252 1962 J
255 1939 316 1963 am
333 1929 420 1964 tum
438 1940 521 1964 acer
539 1940 646 1964 curas
664 1925 879 1963 venientem
897 1924 1068 1962 extendit
1085 1923 1127 1960 in
1145 1934 1286 1960 annum

225 1978 419 2025 Rusticus,
439 1982 478 2016 et
497 1993 610 2017 curvo
630 1979 785 2016 Saturni
803 1979 915 2016 dente
933 1977 1104 2015 relictam

225 2031 470 2082 Persequitur
487 2032 605 2070 vitem
627 2032 842 2078 attondens,
860 2031 1046 2081 fingitque
1067 2027 1246 2079 putando.

224 2084 376 2122 Primus
394 2085 555 2122 humum
572 2084 692 2122 fodito
711 2085 854 2135 primus
873 2083 1027 2121 devecta
1045 2083 1209 2119 cremato

226 2137 436 2184 Sarmenta,
455 2140 494 2175 et
512 2138 629 2175 vallos
648 2137 792 2188 primus
811 2137 880 2174 sub
898 2138 1002 2174 tecta
1019 2135 1156 2172 referto
1171 2150 1178 2180 ;

227 2190 448 2229 Postremus
467 2191 615 2228 metito.
670 2190 739 2227 Bis
757 2190 899 2227 vitibus
917 2188 1063 2239 ingruit
1080 2188 1236 2233 umbra;

227 2243 295 2281 Bis
316 2247 483 2295 segetem
502 2243 625 2281 densis
645 2243 839 2281 obducunt
859 2242 1028 2280 sentibus
1047 2241 1172 2279 herbae
1190 2257 1197 2286 ;

226 2297 356 2334 Durus
375 2300 533 2347 uterque
551 2297 667 2334 labor.
722 2296 895 2333 Laudato
913 2294 1085 2346 ingentia
1101 2307 1199 2339 rura,

227 2350 423 2401 Exiguum
441 2350 566 2388 colito.
622 2350 705 2387 Nec
724 2363 801 2387 non
819 2349 934 2387 etiam
953 2361 1082 2398 aspera
1099 2347 1199 2385 rusci

228 2403 383 2441 Vimina
400 2417 466 2454 per
484 2403 628 2449 silvam,
648 2405 687 2441 et
705 2403 795 2453 ripis
813 2401 972 2439 fluvialis
991 2400 1134 2438 arundo

229 2456 410 2503 Caeditur,
429 2456 637 2506 incultique
656 2457 803 2494 exercet
822 2468 911 2493 cura
929 2454 1064 2492 salicti.

229 2509 257 2547 J
259 2523 322 2547 am
338 2510 476 2547 vinctae
495 2510 603 2555 vites,
617 2510 699 2560 jam
717 2509 852 2547 falcem
870 2509 1024 2546 arbusta
1040 2508 1240 2557 reponunt,

230 2563 254 2600 ,J
259 2577 322 2601 am
340 2563 442 2601 canit
461 2565 648 2601 extremos
667 2563 801 2600 effetus
818 2562 960 2600 vinitor
979 2562 1106 2599 antes:
