1705 2744
585 71 773 97 AENEIDOS
793 72 876 98 LIB.
897 72 973 99 VII.

140 165 364 215 Expediam,
384 167 423 203 61
437 165 571 215 primae
589 166 772 204 revocabo
791 166 943 204 exordia
960 181 1112 218 pugnae.

141 219 202 255 Tu
218 221 358 264 vatem,
377 220 423 255 tu
442 219 539 265 diva,
558 232 680 256 mone.
738 219 875 256 Dicam
893 219 1047 258 horrida
1064 221 1184 269 bella3

140 271 279 308 Dicam
297 271 405 318 acies,
425 274 603 322 actosque
622 272 756 309 animis
775 272 816 309 in
834 273 967 310 funera
984 287 1103 324 reges,

139 324 453 375 Tyrrhenamque
471 338 638 371 manum,
657 328 857 375 totamque
875 326 945 363 sub
965 340 1069 364 arma
1088 330 1259 366 coactam

139 377 379 426 Hesperiam.
435 378 563 428 Major
580 392 708 415 rerum
726 378 823 415 mihi
840 379 1010 416 1135611111·
1029 381 1120 418 ordo
1135 398 1142 428 ;

139 430 269 481 Majus
288 444 383 480 opus
401 444 546 468 moveo.
603 431 688 469 Rex
707 445 796 469 arva
814 431 977 469 Latinus
997 434 1036 470 61
1055 435 1166 472 1111165

139 483 231 520 Jam
251 484 374 521 senior
391 484 507 534 longa
525 484 688 534 placidas
707 485 747 522 in
765 498 856 534 pace
874 486 1042 535 regebat.

139 536 258 574 Hunc
278 536 412 574 Fauno
432 540 471 574 et
490 538 661 587 nympha
679 538 855 588 genitum
873 538 1066 577 Laurente
1085 540 1234 578 Marica

137 589 378 639 Accipimus:
408 590 543 628 Fauno
562 591 676 628 Picus
694 593 824 641 pater:
852 591 959 641 isque
977 595 1174 642 parentem

137 642 204 689 Te,
225 643 399 690 Saturne,
418 644 556 690 refert;
583 646 629 681 tu
648 644 842 694 sanguinis
861 645 1020 683 ultimus
1041 649 1184 685 auctor.

138 695 261 733 Fih‘us
280 696 380 744 huic,
400 697 481 734 fato
501 697 643 743 divum,
662 697 859 748 prolesque
878 697 998 735 virilis

136 748 256 786 Nulla
273 749 359 796 fuit,
378 750 573 800 primaque
593 751 715 788 oriens
734 752 864 800 erepta
875 750 1038 801 juventa
1057 754 1126 790 est.

137 802 225 840 Sola
243 802 401 840 domum
419 805 458 841 et
476 805 606 841 tantas
625 804 799 842 servabat
818 803 896 841 filia
915 805 1031 852 sedes,

137 855 165 892 J
167 868 229 892 am
247 858 399 893 matura
415 857 508 902 viro,
522 857 604 907 jam
622 857 743 907 plenis
762 857 901 895 nubilis
921 858 1041 896 annis.

136 908 258 946 Multi
276 909 381 947 illam
398 923 539 960 magno
559 924 578 948 e
597 910 711 948 Latio
730 912 888 960 totaque
906 911 1088 960 petebant

134 962 328 1009 Ausonia3
356 963 455 1013 petit
475 966 563 1001 ante
582 964 673 1001 alios
691 963 966 1013 pulcherrimus
986 978 1116 1002 omnes

136 1015 300 1062 Turnus,
320 1017 399 1053 avis
418 1017 613 1066 atavisque
631 1020 767 1067 potens
782 1033 790 1063 3
819 1030 932 1066 quem
949 1018 1054 1068 regia
1072 1019 1209 1070 conjux

133 1068 307 1119 Adjungi
325 1083 508 1119 generum
526 1071 622 1107 miro
641 1071 867 1120 properabat
886 1084 1012 1108 amore
1026 1087 1034 1117 3

135 1122 209 1159 Sed
228 1123 342 1160 variis
361 1125 541 1173 portenta
559 1124 671 1161 deum
690 1123 898 1161 terroribus
918 1124 1087 1162 obstant.

134 1175 284 1213 Laurus
303 1180 384 1214 erat
402 1177 498 1214 tecti
516 1177 640 1214 medio
659 1176 699 1213 in
717 1177 973 1226 penetralibus
993 1177 1094 1224 altis,

134 1228 249 1267 Sacra
266 1243 426 1276 comam,
445 1230 663 1280 multosque
681 1232 789 1267 metu
808 1232 958 1268 servata
975 1244 1041 1281 per
1059 1244 1177 1268 annos
1192 1248 1200 1268 :

134 1281 258 1328 Quam
276 1284 385 1333 pater
402 1283 610 1329 inventam,
629 1283 770 1333 primas
790 1297 907 1333 quum
927 1284 1105 1322 conderet
1125 1297 1238 1330 arceS,

133 1335 222 1385 Ipse
240 1336 432 1374 ferebatur
451 1336 598 1374 Phoebo
618 1350 781 1374 sacrasse
800 1336 975 1383 Latinus,

132 1387 410 1439 Laurentisque
429 1391 476 1427 ab
495 1403 538 1427 ea
555 1403 695 1427 nomen
712 1389 880 1440 posuisse
900 1390 1055 1428 colonis.

132 1441 262 1492 Hujus
281 1456 368 1493 apes
388 1456 580 1480 summum
599 1444 739 1489 densae,
758 1443 929 1480 mirabile
948 1444 1065 1489 dictu,

132 1494 302 1533 Stridore
320 1497 471 1547 ingenti
487 1496 676 1546 liquidum
693 1499 800 1534 trans
821 1497 966 1534 aethera
984 1500 1115 1542 vectae,

132 1547 321 1587 Obsedere
340 1550 506 1599 apicem3
534 1552 584 1596 61,
603 1550 761 1599 pedibus
780 1563 847 1600 per
865 1552 1001 1587 mutua
1018 1550 1136 1596 nexis,

131 1600 305 1639 Examen
323 1603 495 1640 subitum
512 1616 618 1640 ramo
636 1603 837 1640 frondente
855 1603 1047 1653 pependit.

131 1653 325 1692 Continuo
343 1658 462 1702 113165,
481 1656 732 1693 “Externum
751 1655 978 1701 cernimus,''
998 1656 1136 1706 inquit,

131 1709 152 1725 “
164 1707 384 1745 Adventare
402 1709 539 1755 virum,
560 1711 598 1746 et
617 1711 743 1758 partes
762 1712 889 1758 petere
909 1722 1045 1758 agmen
1066 1709 1216 1746 easdem

130 1759 312 1798 Partibus
331 1775 377 1799 ex
394 1761 525 1807 isdem,
545 1764 584 1799 et
603 1775 753 1798 summa
771 1762 997 1799 dominarier
1015 1762 1138 1800 arce.⁷’

130 1812 335 1860 Praeterea,
355 1814 468 1852 castis
488 1814 615 1852 adolet
634 1815 725 1851 dum
745 1815 878 1852 altaria
896 1815 1021 1861 taedis,

129 1865 189 1903 Ut
201 1866 315 1917 juxta
333 1868 547 1917 genitorem
565 1868 693 1905 adstat
712 1867 873 1904 Lavinia
890 1868 1011 1918 virgo,

128 1918 231 1966 Visa,
251 1920 377 1958 nefas!
405 1921 531 1971 longis
550 1921 816 1970 comprendere
836 1921 1000 1958 crinibus
1018 1920 1159 1970 ignem,

127 1972 258 2022 Atque
277 1987 429 2012 omnem
448 1976 627 2012 ornatum
645 1974 800 2011 flamma
818 1973 1027 2024 crepitante
1047 1973 1216 2021 cremari,

128 2025 365 2076 Regalesque
384 2040 539 2066 accensa
557 2041 694 2073 6011135,
714 2040 869 2064 36661153
886 2040 1075 2073 6010113111,

127 2077 327 2129 Insignem
345 2080 507 2130 gemmis
522 2097 530 2126 3
558 2083 644 2118 tum
662 2080 808 2118 fumida
825 2080 967 2117 lumine
985 2079 1092 2118 fulvo

127 2130 290 2180 Involvi,
311 2146 353 2171 36
371 2133 466 2171 totis
485 2134 701 2171 Vulcanum
720 2146 894 2183 spargere
912 2133 1038 2171 tectis.

127 2183 176 2222 Id
194 2198 282 2224 vero
301 2186 533 2224 horrendum
552 2201 594 2225 36
613 2187 698 2224 visu
714 2187 886 2224 mirabile
904 2187 1014 2225 ferri:

127 2236 303 2289 Namque
321 2240 400 2278 fore
418 2240 605 2278 illustrem
623 2241 725 2279 fama
742 2240 905 2290 fatisque
925 2240 1112 2278 canebant

126 2289 277 2340 Ipsam3
298 2293 363 2330 sed
381 2294 520 2344 populo
538 2307 723 2344 magnum
740 2293 965 2343 portendere
983 2293 1138 2331 bellum.

125 2343 182 2381 At
200 2358 265 2382 rex
283 2346 467 2384 sollicitus
486 2347 667 2385 monstris
687 2347 837 2385 oracula
855 2346 991 2392 Fauni,

126 2395 291 2436 Fatidici
308 2399 504 2449 genitoris,
524 2401 616 2446 adit,
634 2400 813 2449 lucosque
832 2400 902 2437 sub
923 2399 1004 2437 alta

125 2448 299 2489 Consulit
318 2453 513 2492 Albunea:
543 2467 742 2491 nemorum
761 2465 846 2502 quae
864 2452 1029 2490 maxima
1048 2465 1154 2490 sacro

125 2501 250 2542 Fonte
269 2508 390 2553 sonat,
410 2519 624 2556 saevamque
643 2506 794 2544 exhalat
814 2519 929 2555 opaca
946 2505 1161 2555 mephitim.

124 2555 229 2595 Hinc
249 2557 361 2597 Italae
381 2561 528 2611 genteS,
547 2559 744 2610 omnisque
764 2558 941 2598 OEnotria
958 2558 1084 2606 1611115,

1339 68 1417 105 251
