1705 2744
617 67 805 94 aim-:mos
824 67 907 93 ΗΒ.
927 66 965 92 V.
1348 57 1426 94 203

165 165 296 216 Digna
313 163 450 203 dabis?
477 163 638 214 primam
655 162 777 200 merui
795 162 859 212 qui
876 161 987 199 laude
1005 174 1192 208 coronam,

167 219 222 256 Ni
240 232 313 265 me,
332 231 413 268 quae
433 217 587 262 Salium,
607 216 760 253 fortuna
777 215 931 252 inimica
948 214 1100 251 tulisset
1114 214 1149 251 :’'

167 272 223 308 Et
242 271 355 308 simul
372 271 432 308 his
452 269 562 308 dictis
581 269 714 306 faciem
734 269 963 314 ostentabat,
983 269 1022 305 et
1040 267 1116 304 udo

167 324 310 374 Turpia
326 324 496 362 membra
514 323 615 360 fimo.
671 321 774 359 Risit
792 324 901 371 pater
920 321 1086 370 optimus
1105 320 1180 367 olli,

167 378 223 415 Et
242 378 404 428 clipeum
422 376 543 415 efferri
556 375 682 426 jussit,
702 374 953 425 Didymaonis
974 376 1085 420 artes,

166 431 341 481 Neptuni
360 444 463 468 sacro
482 429 625 467 Danais
645 429 690 466 de
708 432 816 478 poste
835 428 1006 465 refixum.

168 484 256 522 Hoc
268 484 449 535 juvenem
467 482 660 533 egregium
679 481 877 531 praestanti
896 493 1049 517 munere
1069 479 1196 516 donat.

221 537 327 584 Post,
346 537 411 574 ubi
430 536 591 574 confecti
610 548 751 581 cursus,
771 537 810 571 et
829 534 927 571 dona
944 533 1112 584 peregit:

168 593 189 610 “
202 590 329 637 Nunc,
349 590 381 627 si
400 590 460 627 cui
477 589 599 626 virtus
619 588 839 637 animusque
858 587 898 624 in
916 589 1068 637 pectore
1087 599 1254 636 praesens

167 644 294 690 Adsit,
314 646 352 681 et
371 643 530 681 evinctis
549 642 703 680 attollat
722 641 875 678 brachia
892 640 1067 690 palmis.’'

169 697 229 734 Sic
249 697 315 741 ait,
334 699 373 734 et
391 696 586 747 geminum
604 708 739 745 pugnae
758 693 936 744 proponit
954 693 1158 730 honorem:

168 750 316 788 Victori
334 750 501 788 velatum
521 762 610 786 auro
628 748 811 797 vittisque
823 748 1028 798 juvencum
1043 762 1051 792 ;

169 804 313 841 Ensem
332 807 445 853 atque
463 802 652 852 insignem
671 801 828 851 galeam,
849 800 983 837 solatia
1000 799 1114 836 victo.

169 857 252 894 Nec
269 870 397 903 mora;
425 856 605 894 continuo
623 854 740 892 vastis
760 868 846 891 cum
865 853 1007 890 viribus
1027 853 1134 890 effert

170 909 246 947 Ora
264 910 396 955 Dares,
415 922 628 959 magnoque
647 908 771 944 virum
791 921 829 944 se
847 920 1040 944 murmure
1058 906 1184 952 tolh't3

169 963 278 1000 Solus
299 963 362 1012 qui
382 963 557 1000 Paridem
577 962 709 999 solitus
729 961 955 998 contendere
975 961 1117 1005 contra,

169 1016 353 1066 Idemque
372 1016 420 1054 ad
437 1015 642 1061 tumulum,
662 1028 736 1064 quo
754 1014 941 1051 maximus
961 1013 1120 1050 occubat
1140 1011 1299 1057 Hector,

168 1069 364 1107 Victorem
382 1069 513 1107 Buten
530 1068 688 1106 immani
707 1080 870 1117 corpore,
890 1067 955 1116 qui
973 1079 1012 1103 se

170 1123 357 1173 Bebrycia
374 1123 527 1160 veniens
546 1121 685 1171 Amyci
703 1121 748 1158 de
767 1122 882 1170 gente
901 1120 1055 1165 serebat,

171 1176 351 1222 Perculit,
371 1178 410 1214 et
429 1176 532 1213 fulva
550 1174 818 1212 moribundum
837 1173 1009 1211 extendit
1028 1185 1150 1209 arena.

171 1229 273 1266 Talis
291 1229 414 1280 prima
431 1229 551 1266 Dares
571 1230 684 1278 caput
703 1227 824 1265 altum
842 1227 882 1263 in
901 1226 1032 1276 proelia
1049 1225 1165 1271 tolh't,

172 1282 423 1333 Ostenditque
442 1282 618 1319 humeros
637 1281 745 1326 latos,
765 1281 982 1330 alternaque
995 1279 1118 1329 jactat

172 1335 335 1373 Brachia
352 1336 593 1386 protendens,
613 1337 651 1372 et
670 1335 843 1371 verberat
862 1333 999 1371 ictibus
1019 1345 1139 1369 auras.

173 1389 362 1435 Quaeritur
380 1389 468 1426 huic
488 1389 604 1426 alius:
633 1402 701 1425 nec
721 1387 919 1438 quisquam
939 1400 983 1424 ex
1002 1385 1153 1436 agmine
1171 1385 1282 1422 tanto

173 1442 302 1479 Audet
321 1442 421 1480 adire
440 1442 575 1487 virum,
595 1441 842 1490 manibusque
861 1440 1036 1477 inducere
1056 1441 1193 1476 cestus.

175 1495 280 1545 Ergo
299 1495 440 1541 alacris,
460 1498 690 1545 cunctosque
708 1497 847 1545 putans
867 1493 1041 1531 excedere
1060 1492 1196 1542 palma,

174 1548 307 1586 AEneae
328 1549 437 1586 stetit
456 1551 544 1586 ante
563 1549 696 1598 pedes;
724 1561 792 1585 nec
810 1547 917 1597 plura
942 1548 1122 1591 moratus,

176 1600 276 1637 Tum
294 1600 388 1638 laeva
405 1604 559 1639 taurum
577 1615 693 1638 cornu
710 1603 829 1646 tenet,
849 1603 963 1650 atque
981 1600 1038 1636 ita
1054 1599 1177 1635 fatur:

176 1656 197 1672 ‘⁴
210 1653 315 1691 Nate
334 1654 412 1700 dea,
432 1654 463 1691 si
481 1668 593 1691 nemo
612 1653 726 1691 audet
746 1667 785 1691 se
803 1653 951 1691 credere
969 1665 1118 1702 pugnae,

177 1707 269 1753 Quae
288 1707 373 1744 finis
393 1707 548 1745 standi?
578 1721 652 1757 quo
671 1720 731 1744 me
751 1707 858 1744 decet
877 1719 994 1755 usque
1013 1702 1166 1742 teneri?

176 1759 324 1797 Ducere
344 1760 442 1798 dona
453 1760 584 1810 jube.'’
642 1759 782 1797 Cuncti
800 1759 913 1796 simul
931 1772 994 1796 ore
1013 1757 1223 1795 fremebant

176 1812 416 1859 Dardanidae,
434 1813 613 1863 reddique
631 1813 712 1850 viro
731 1812 915 1862 promissa
926 1811 1125 1862 jubebant.

176 1866 256 1903 Hic
274 1866 400 1916 gravis
420 1866 619 1904 Entellum
638 1866 749 1903 dictis
768 1865 932 1915 castigat
951 1865 1119 1909 Acestes,

177 1919 379 1957 Proximus
398 1922 444 1957 ut
463 1920 649 1957 viridante
668 1921 753 1956 toro
773 1918 992 1956 consederat
1011 1917 1162 1954 herbae:

178 1976 198 1992 “
212 1973 377 2019 Entelle,
395 1973 554 2011 heroum
574 1973 764 2023 quondam
782 1971 986 2009 fortissime
1006 1971 1156 2016 frustra,

178 2026 351 2064 Tantane
369 2028 451 2064 tam
469 2026 617 2076 patiens
636 2026 740 2062 nullo
759 2024 963 2063 certamine
982 2023 1067 2061 tolli

177 2078 291 2117 Dona
309 2079 406 2117 sines
421 2079 438 2118 ’.Ρ
466 2079 533 2116 ubi
550 2093 651 2116 nunc
668 2078 777 2116 nobis
797 2079 887 2116 deus
905 2077 978 2123 ille,
997 2076 1180 2127 magister

177 2132 447 2183 Nequidquam
465 2135 708 2178 memoratus,
728 2132 867 2182 Eryx?
895 2131 962 2168 ubi
980 2130 1081 2168 fama
1098 2143 1164 2180 per
1183 2142 1334 2167 omnem

178 2185 424 2233 Trinacriam,
444 2188 483 2224 et
502 2186 622 2236 spolia
638 2186 704 2223 illa
723 2185 799 2223 tuis
817 2184 1022 2235 pendentia
1039 2183 1152 2221 tectis
1167 2182 1212 2221 ?”

180 2238 251 2276 Ille
270 2240 339 2277 sub
358 2240 459 2277 haec:
490 2243 510 2259 ‘⁴
523 2240 564 2276 N
566 2253 615 2277 on
633 2239 754 2276 laudis
774 2252 890 2285 amor,
909 2251 977 2275 nec
997 2237 1118 2288 gloria
1136 2236 1248 2274 cessit

180 2292 297 2330 Pulsa
313 2295 419 2331 metu
434 2309 442 2340 ;
471 2293 536 2331 sed
554 2293 656 2330 enim
674 2292 821 2343 gelidus
839 2291 1016 2329 tardante
1036 2292 1186 2328 senecta

182 2345 342 2396 Sanguis
360 2347 486 2393 hebet,
504 2346 719 2397 frigentque
739 2346 862 2383 effetae
881 2345 921 2382 in
940 2357 1093 2394 corpore
1111 2343 1220 2380 vires.

182 2398 222 2434 Si
239 2399 345 2445 mihi,
365 2413 447 2450 quae
466 2400 656 2450 quondam
674 2400 809 2445 fuerat,
829 2411 974 2448 quaque
992 2397 1186 2447 improbus
1203 2396 1277 2433 iste

182 2451 363 2490 Exsultat
381 2454 512 2499 fidens,
532 2453 564 2490 si
581 2466 682 2490 nunc
701 2453 798 2490 foret
816 2452 883 2489 illa
895 2452 1094 2501 juventas3

182 2503 302 2541 Haud
319 2506 491 2556 equidem
511 2506 633 2556 pretio
652 2506 830 2543 inductus
849 2505 1081 2555 pulchroque
1093 2503 1256 2553 juvenco

184 2556 403 2598 Venissem:
431 2573 501 2598 nec
520 2560 619 2597 dona
635 2559 801 2597 moror.”
859 2558 919 2596 Sic
939 2558 1072 2595 deinde
1091 2557 1241 2594 locutus
