1674 2775
238 109 315 146 356
645 120 679 146 Ρ.
700 120 885 146 VIRGILII
905 120 1093 147 MARONIS

238 213 347 251 Mors
367 215 513 260 natum,
533 214 640 251 eaesis
660 214 881 251 Volseorum
902 214 1067 252 millibus
1087 217 1186 261 ante,

237 266 454 304 Ducentem
474 268 512 303 in
534 267 687 304 Latium
708 267 871 304 Teucros
891 268 1065 305 cecidisse
1079 267 1242 318 juvabit.

240 320 341 365 Quin
360 334 430 369 ego
451 334 525 357 non
547 320 618 357 alio
639 320 772 369 digner
791 323 830 358 te
850 321 991 365 funere,
1014 321 1130 367 Palla,

239 373 361 418 Quam
381 373 464 422 pius
484 373 634 418 AEneas,
654 378 692 410 et
712 387 823 422 quam
844 374 973 423 magni
993 373 1166 424 Phryges
1186 376 1225 411 et
1244 388 1358 425 quam

239 425 500 475 Tyrrhenique
520 426 643 471 duces,
663 426 905 476 Tyrrhenum
925 427 1109 463 exereitus
1130 427 1262 465 omnis.

239 478 385 528 Magna
403 482 548 528 tropaea
566 480 703 524 ferunt,
723 492 816 528 quos
836 479 902 516 dat
920 481 988 516 tua
1007 480 1159 517 dextera
1178 481 1278 526 1eto3

239 531 299 567 Tu
319 545 465 581 quoque
484 546 583 569 nune
603 535 721 569 stares
740 532 915 569 immanis
934 535 1093 569 truncus
1112 533 1151 570 in
1171 534 1306 580 armis3

240 584 354 621 Esset
372 598 439 634 par
458 588 561 631 aetas,
581 587 620 622 et
639 585 739 622 idem
758 585 789 621 si
808 586 921 622 robur
940 586 986 622 ab
1006 585 1124 632 annis,

239 637 378 674 Turne.
434 638 506 675 Sed
526 638 653 674 infelix
674 638 837 675 Teucros
857 638 948 687 quid
967 639 1138 676 demoror
1158 638 1303 677 armis?

239 689 389 736 Vadite,
409 693 447 728 et
467 691 550 728 haee
569 704 753 728 memores
773 691 853 741 regi
872 692 1053 728 mandata
1071 692 1228 729 referte:

239 742 350 788 Quod
367 743 487 780 vitam
508 757 632 781 moror
651 743 823 789 invisam,
845 744 1019 781 Pallante
1037 747 1218 794 peremto,

239 795 408 833 Dextera
426 810 536 834 causa
554 799 622 834 tua
640 800 719 842 ost3
749 797 922 834 Turnum
941 800 1105 846 natoque
1125 798 1298 847 patrique

240 849 363 894 Quam
383 850 514 887 debere
534 850 650 887 vides.
706 850 858 887 Meritis
878 852 987 887 vacat
1006 850 1067 888 hio
1086 850 1159 887 tibi
1178 851 1279 888 solus

238 901 497 952 Fortunaeque
515 903 630 940 loeus.
686 903 777 940 Non
796 903 885 940 vitae
904 903 1042 953 gaudia
1060 917 1196 952 quaero,

239 954 321 992 Nec
341 955 416 993 fas:
447 956 512 993 sed
531 959 622 994 nato
641 970 770 994 manes
789 957 950 1006 perferre
970 957 1039 993 sub
1058 957 1194 993 imos.''

291 1009 440 1046 Aurora
459 1009 602 1047 interea
621 1010 765 1047 miseris
784 1010 1007 1046 mortalibus
1028 1009 1165 1046 almam

239 1060 441 1099 Extulerat
460 1062 593 1108 lucem,
612 1063 773 1100 referens
793 1076 904 1112 opera
923 1065 1036 1112 atque
1054 1063 1210 1100 labores.

239 1113 265 1149 J
269 1127 329 1151 am
348 1117 456 1165 pater
475 1115 625 1162 AEneas,
639 1116 720 1166 jam
740 1129 854 1153 curvo
873 1116 912 1152 in
931 1116 1041 1153 litore
1062 1116 1237 1153 Tarchon

241 2438 482 2477 Constituere
500 2452 634 2489 pyras:
662 2439 737 2477 hue
757 2452 912 2489 corpora
931 2438 1087 2488 quisque
1107 2451 1260 2475 suorum

240 2491 350 2529 More
369 2492 490 2529 tulere
508 2494 683 2542 patrum3
712 2492 964 2543 subjectisque
983 2491 1134 2541 ignibus
1154 2491 1246 2528 atris

239 2544 427 2582 Conditur
445 2545 485 2582 in
503 2545 677 2583 tenebras
697 2546 817 2582 altum
838 2545 996 2595 ealigine
1015 2544 1164 2581 coelum.

239 2597 313 2635 Ter
332 2598 472 2636 circum
493 2612 677 2646 accensos,
697 2598 813 2636 cincti
830 2598 1065 2649 fulgentibus
1084 2597 1211 2644 armis,
