1674 2775
611 95 802 123 AENEIDos
821 97 904 123 Lm.
924 96 982 123 xr.
1357 88 1434 126 353

162 192 371 232 Discedens
391 191 567 229 dederam
583 207 591 228 :
621 204 738 240 quum
757 204 818 229 me
837 191 1054 241 complexus
1074 194 1229 230 euntem

163 247 344 285 Mitteret
363 245 404 282 in
421 258 606 295 magnum
623 244 836 294 imperium,
855 247 1104 295 metuensque
1122 248 1294 285 moneret

162 301 280 338 Acres
298 312 379 337 esse
397 298 509 344 viros,
529 311 617 335 cum
635 298 730 335 dura
747 298 879 348 proelia
896 300 1023 349 gente.

163 354 220 391 Et
238 366 339 390 nunc
358 351 421 389 ille
441 351 595 401 quidem
615 365 679 401 spe
698 351 866 389 multum
885 354 1019 402 captus
1038 351 1142 389 inani

163 407 260 445 Fors
280 408 319 444 et
338 407 429 443 vota
446 405 550 451 facit,
569 404 814 455 cumulatque
833 405 967 442 altaria
984 405 1091 443 donis
1109 421 1118 453 3

162 460 248 498 Nos
262 459 443 510 juvenem
461 458 690 505 exanimum,
710 461 750 496 et
769 458 823 496 nil
836 459 916 510 jam
938 458 1154 498 coelestibus
1173 460 1259 498 ullis

163 513 392 558 Debentem,
411 525 509 549 vano
528 511 657 549 maesti
676 512 905 550 comitamur
923 512 1077 550 honore.

163 567 315 612 Infelix,
335 565 417 603 nati
436 565 548 602 funus
568 565 717 603 crudele
735 565 900 603 videbis!

163 620 222 658 Hi
240 619 363 658 nostri
381 618 538 665 reditus,
556 619 841 669 exspectatique
859 619 1046 669 triumphi
1063 619 1081 658 Ρ

163 673 263 711 Haec
281 686 366 710 mea
384 685 523 722 magna
542 672 633 710 fides
651 672 669 710 P
724 673 781 710 At
800 686 888 719 non,
909 672 1098 720 mandre,
1117 674 1302 724 pudendis

162 726 394 764 Vulneribus
413 725 567 776 pulsum
584 725 763 776 aspicies:
784 739 853 763 nec
874 725 1014 775 sospite
1034 727 1160 765 dirum

161 780 325 830 Optabis
344 781 436 817 nato
455 779 569 816 funus
587 781 709 829 pater.
765 779 845 817 Hei
864 779 971 826 mihi,
992 783 1179 829 quantum

164 833 392 871 Praesidium
412 831 593 879 Ausonia,
612 834 652 869 et
672 834 859 882 quantum
879 834 925 870 tu
943 833 1079 883 perdis,
1100 834 1185 872 Iule
1198 835 1233 872 !'’

218 887 314 925 Haec
333 885 400 923 ubi
418 885 582 932 deflevit,
601 885 689 923 tolli
706 885 918 924 miserabile
938 899 1073 937 corpus

163 940 348 990 Imperat,
367 941 406 977 613
425 941 510 977 130130
529 939 648 977 lectos
667 953 714 977 ex
733 939 884 990 agmine
903 940 1030 977 mittit

162 994 275 1032 Mille
294 993 406 1040 viros,
425 993 491 1043 qui
510 1006 731 1042 supremum
749 993 985 1031 comitentur
1002 993 1197 1043 honorem,

163 1047 428 1097 Intersintque
447 1045 565 1096 patris
584 1045 750 1083 lacrimis
765 1064 772 1084 :
803 1046 937 1084 solatia
955 1047 1082 1085 luctus

163 1101 319 1152 Exigua
336 1099 516 1151 ingentis,
536 1099 674 1137 misero
694 1100 759 1138 sed
778 1099 908 1138 debita
925 1101 1038 1151 patri.

163 1154 285 1192 Haud
303 1167 436 1204 segnes
456 1153 520 1190 alii
537 1155 660 1191 crates
680 1155 720 1191 et
738 1153 852 1191 molle
870 1154 1053 1192 feretrum

162 1207 348 1245 Arbuteis
366 1208 504 1245 texunt
523 1206 641 1256 virgis
661 1208 701 1244 613
720 1207 862 1245 vimine
881 1221 1035 1258 querno,

163 1261 469 1310 Exstructosque
487 1261 592 1297 toros
612 1259 777 1297 obtentu
794 1261 939 1298 frondis
958 1261 1191 1300 inumbrant.

162 1315 243 1352 Hic
256 1314 437 1365 juvenem
455 1312 599 1364 agresti
616 1313 819 1352 sublimem
838 1314 1019 1352 stramine
1039 1319 1210 1365 ponimt3

162 1368 325 1415 Qualem
342 1366 513 1418 virgineo
531 1366 748 1404 demessum
766 1367 900 1418 pollice
919 1368 1051 1406 florem

161 1421 239 1459 Seu
256 1420 379 1459 mollis
399 1420 519 1467 violae,
539 1433 606 1458 seu
623 1420 841 1471 languentis
859 1421 1072 1472 hyacinthi,

161 1475 236 1512 Cui
254 1488 375 1525 neque
394 1474 520 1524 fulgor
539 1473 674 1520 adhuc,
694 1487 763 1512 nec
783 1474 874 1512 dum
894 1489 962 1512 sua
980 1476 1103 1514 forma
1120 1477 1297 1525 recessit3

161 1528 255 1566 Non
268 1528 350 1579 jam
369 1530 492 1565 mater
511 1527 579 1564 alit
597 1527 725 1575 tellus,
744 1528 917 1578 viresque
936 1529 1144 1567 ministrat.

161 1581 271 1620 Tunc
288 1581 461 1633 geminas
479 1582 603 1618 vestes
623 1594 788 1632 auroque
808 1584 986 1633 ostroque
1005 1582 1173 1634 rigentes

158 2543 313 2582 Extulit
333 2544 485 2592 AEneas,
505 2559 597 2597 quas
615 2547 674 2584 illi
690 2547 779 2586 laeta
796 2548 969 2586 laborum

158 2596 250 2647 Ipsa
268 2597 344 2636 suis
364 2599 556 2649 quondam
574 2600 925 2693 mambuzsidonia
942 2601 1045 2639 Dido
