1674 2775
223 120 301 158 348
638 131 673 157 P.
692 130 880 157 VIRGILII
899 130 1102 159 MAnoms.

225 224 322 262 Inde
341 224 443 262 aliud
461 237 572 275 super
590 227 703 274 atque
721 225 824 262 aliud
842 225 1011 276 figitque,
1030 226 1206 276 volatque

224 277 384 328 Ingenti
401 291 518 328 gyro:
547 278 612 316 sed
630 278 794 316 sustinet
813 292 946 316 aureus
965 280 1092 317 umbo.

225 331 300 368 Ter
318 331 458 368 circum
477 331 693 368 adstantem
712 332 825 369 laevos
844 332 1030 381 equitavit
1047 333 1087 369 in
1106 333 1226 379 orbes,

225 383 319 422 Tela
335 397 452 421 manu
463 383 628 434 jaciens3
655 386 716 422 ter
734 397 861 422 secum
880 385 1015 423 Troius
1034 386 1143 423 heros

225 436 440 474 Immanem
459 440 576 475 aerato
595 437 810 475 circumfert
827 438 997 488 tegmine
1015 439 1159 476 silvam.

225 490 322 527 Inde
340 491 405 528 ubi
424 492 486 528 tot
502 491 661 528 traxisse
679 504 814 537 moras,
832 493 894 528 tot
913 491 1055 541 spicula
1071 492 1191 529 taedet

225 543 383 590 Vellere,
404 545 443 581 et
461 546 620 594 urgetur
638 557 768 594 pugna
787 557 1008 594 congressus
1027 545 1177 595 iniqua:

225 596 357 634 Multa
374 610 529 634 movens
549 597 686 642 animo,
700 597 782 647 jam
799 597 956 635 tandem
974 598 1152 648 erumpit,
1172 600 1211 635 et
1230 597 1331 636 inter

226 649 429 688 Bellatoris
449 650 535 700 equi
553 663 645 688 cava
662 652 839 700 tempora
857 650 1011 701 conjicit
1029 651 1192 688 hastam.

225 702 344 740 Tollit
363 716 402 740 se
420 706 610 741 arrectum
628 703 850 753 quadrupes,
870 706 909 741 et
935 704 1097 741 calcibus
1117 717 1225 741 auras

225 755 421 803 Verberat,
441 757 674 806 effusumque
693 757 859 806 equitem
879 770 989 807 super
1006 757 1086 807 ipse
1105 760 1255 795 secutus

225 808 417 859 Implicat,
436 810 628 861 ejectoque
646 809 833 847 incumbit
853 823 1012 847 cernuus
1033 824 1149 847 armo.

225 861 398 900 Clamore
415 863 623 901 incendunt
642 863 780 900 coelum
799 863 991 913 Troesque
1010 863 1225 913 Latinique.

225 916 393 953 Advolat
413 916 564 963 AEneas,
583 916 794 966 vaginaque
812 916 925 966 eripit
943 930 1084 963 ensem,

224 968 281 1006 Et
300 982 410 1019 super
428 969 531 1007 haec:
561 972 582 989 “
598 969 677 1007 Ubi
694 983 795 1007 nunc
815 970 1030 1007 Mezentius
1050 982 1144 1016 acer,
1164 971 1203 1007 et
1221 969 1288 1006 illa

224 1022 354 1060 Effera
371 1022 428 1060 vis
447 1022 594 1061 animi?
609 1023 632 1038 ”
690 1022 835 1060 Contra
853 1023 1086 1073 Tyrrhenus,
1105 1025 1151 1060 ut
1171 1036 1279 1060 auras

225 1075 439 1125 Suspiciens
457 1076 586 1113 hausit
605 1076 752 1122 coelum,
772 1079 1015 1125 mentemque
1033 1076 1198 1126 recepit:

225 1131 247 1147 “
263 1128 401 1166 Hostis
420 1143 556 1176 amare,
576 1130 667 1179 quid
684 1129 899 1179 increpitas,
917 1132 1155 1179 mortemque
1173 1128 1359 1167 minaris?

224 1181 389 1219 Nullum
406 1182 447 1220 in
466 1183 566 1220 caede
584 1183 710 1229 nefas;
738 1196 806 1220 nec
826 1182 878 1220 sic
898 1183 945 1219 ad
968 1183 1100 1233 proelia
1118 1182 1227 1229 veni3

224 1235 266 1271 N
268 1248 309 1272 ec
327 1237 455 1273 tecum
473 1249 578 1273 meus
597 1236 678 1273 haec
697 1236 843 1286 pepigit
862 1236 957 1273 mihi
974 1236 1116 1273 foedera
1133 1235 1292 1272 Lausus.

224 1287 356 1325 Unum
376 1289 460 1335 hoc,
478 1302 555 1339 per,
576 1289 607 1325 si
626 1302 700 1338 qua
717 1292 775 1326 est
793 1289 905 1326 victis
924 1289 1034 1326 venia
1051 1288 1237 1335 hostibus,
1257 1302 1344 1326 oro:

224 1340 370 1391 Corpus
388 1342 506 1379 humo
525 1342 667 1392 patiare
686 1342 778 1392 tegi.
835 1342 919 1379 Scio
939 1342 1071 1379 acerba
1089 1355 1261 1378 meorum

224 1393 479 1432 Circumstare
498 1395 604 1433 odia:
633 1395 746 1441 hunc,
766 1408 842 1441 oro,
862 1395 1018 1432 defende
1036 1395 1215 1440 furorem,

224 1447 280 1484 Et
299 1461 360 1485 me
379 1451 593 1485 consortem
610 1448 693 1485 nati
712 1448 871 1486 concede
891 1448 1099 1498 sepulcro.’⁷

224 1500 321 1537 Haec
339 1501 518 1550 loquitur,
532 1501 741 1551 juguloque
759 1501 862 1538 haud
879 1501 1019 1538 inscius
1039 1500 1174 1550 accipit
1194 1514 1331 1547 ensem,

223 1553 472 1604 Undantique
491 1554 656 1592 animam
675 1554 856 1591 diffundit
873 1554 915 1591 in
933 1567 1037 1591 arma
1056 1567 1196 1591 cruore.
