1674 2775
585 114 774 141 AENEIDos
794 115 876 141 ΠΒ.
896 116 934 141 x.
1317 109 1394 147 343

131 207 231 255 Quid
248 221 383 246 manus
402 208 467 245 illa
486 208 620 255 virum,
641 209 705 258 qui
723 223 784 247 me
803 223 959 259 meaque
979 223 1083 248 arma
1103 211 1253 250 secuti?

131 261 293 308 Quosne,
312 262 437 299 nefas!
466 275 595 300 omnes
614 263 769 299 infanda
785 263 825 299 in
844 266 967 300 morte
985 264 1151 314 reliqui?

130 314 186 351 Et
205 328 306 352 nunc
324 317 494 365 palantes
513 316 633 362 video,
653 316 915 366 gemitumque
934 317 1137 355 cadentum

129 367 298 418 Accipio.
355 368 456 414 Quid
474 368 578 419 ago?
608 372 675 406 aut
695 383 775 418 quae
790 369 870 420 jam
891 370 982 406 satis
1002 370 1078 407 ima
1097 372 1266 410 dehiscat

131 420 249 458 Terra
266 421 394 458 mihi?
422 435 488 459 vos
508 436 530 459 o
549 423 676 472 potius
695 422 935 468 miserescite,
955 424 1072 470 venti,

130 473 181 510 In
199 487 322 524 rupes,
342 474 381 511 in
401 476 671 513 saxa—volens
691 489 757 513 vos
778 476 929 512 Turnus
949 477 1116 514 adoro—

131 527 247 565 Ferte
265 530 399 575 ratem,
419 528 601 578 saevisque
620 529 724 566 vadis
743 529 944 566 immittite
964 530 1099 579 Syrtis,

132 579 216 626 Quo
236 594 356 630 neque
375 595 435 619 me
455 581 604 628 Rutuli,
619 596 687 619 nec
707 582 854 619 conscia
872 582 973 619 fama
991 584 1211 633 sequatur.’⁷

132 633 230 671 Haec
250 648 474 681 memorans,
494 635 619 673 animo
638 649 738 673 nunc
758 635 843 681 huc,
863 649 964 672 nunc
983 636 1145 675 fluctuat
1164 637 1275 684 illuc;

130 685 195 723 An
215 700 294 724 sese
312 701 491 725 mucrone
510 689 557 726 ob
576 691 729 726 tantum
750 689 909 726 dedecus
928 702 1056 727 amens

131 738 287 786 Induat,
308 742 346 777 et
366 742 524 778 crudum
543 755 608 792 per
627 744 749 779 costas
768 742 896 792 exigat
915 756 1064 790 ens-em3

135 792 336 830 Fluctibus
356 807 404 831 an
417 795 535 844 jaciat
555 795 698 841 mediis,
718 797 756 832 et
775 795 889 832 litora
906 796 1031 833 nando

134 845 260 883 Curva
278 849 396 896 petat,
417 848 678 897 Teucrumque
697 848 838 886 iterum
858 862 896 886 se
915 849 1049 886 reddat
1067 849 1107 886 in
1127 864 1241 888 arma.

133 898 208 936 Ter
227 902 385 938 conatus
405 903 604 951 utramque
624 901 746 939 viam:
775 903 835 939 ter
854 902 1018 939 maxima
1037 902 1064 939 J
1068 917 1142 940 uno

134 951 336 990 Continuit
354 970 361 998 ;
385 954 637 1005 juvenemque
657 955 773 992 animi
791 955 969 993 miserata
987 957 1178 1006 repressit.

133 1004 296 1043 Labitur
314 1007 392 1044 alta
410 1021 537 1045 secans
556 1008 749 1058 fluctuque
768 1010 940 1058 aestuque
959 1010 1122 1047 secundo
1139 1026 1147 1057 3

134 1059 190 1096 Et
209 1060 327 1109 patris
347 1061 544 1110 antiquam
563 1061 691 1098 Dauni
709 1062 877 1099 defertur
895 1063 943 1099 ad
960 1063 1105 1100 urbem.

187 1113 243 1150 At
263 1113 287 1150 J
293 1113 372 1150 ovis
391 1114 535 1152 interea
553 1115 708 1152 monitis
729 1115 945 1153 Mezentius
965 1116 1098 1153 ardens

135 1166 311 1204 Succedit
330 1181 480 1217 pugnae,
501 1168 738 1218 Teucrosque
758 1169 905 1206 invadit
924 1172 1093 1207 ovantes.

135 1219 377 1257 Concurrunt
397 1221 602 1271 Tyrrhenae
621 1222 729 1267 acies,
749 1224 862 1271 atque
882 1222 1057 1260 omnibus
1076 1222 1154 1264 uni,

136 1273 214 1309 Uni
233 1273 401 1322 odiisque
420 1274 501 1311 viro
520 1275 681 1324 telisque
700 1276 959 1324 frequentibus
979 1275 1138 1313 instant.

134 1325 217 1372 Ille,
237 1326 343 1364 velut
362 1340 473 1377 rupes
492 1330 644 1364 vastum
664 1342 746 1377 quae
764 1328 892 1378 prodit
911 1328 950 1365 in
973 1342 1113 1379 aequor,

136 1379 259 1417 Obvia
275 1382 477 1417 ventorum
496 1381 614 1427 furiis,
634 1384 863 1431 expostaque
882 1384 1012 1432 ponto,

134 1432 226 1469 Vim
246 1435 422 1470 cunctam
441 1435 555 1483 atque
574 1435 694 1472 minas
714 1435 854 1485 perfert
875 1436 1033 1485 coelique
1052 1435 1252 1485 marisque,

136 1485 228 1535 Ipsa
245 1486 405 1524 immota
422 1500 600 1525 manens:
629 1488 773 1538 prolem
792 1488 1038 1526 Dolichaonis
1057 1489 1235 1527 Hebrum

137 1539 283 1576 Sternit
301 1539 420 1586 humi,
440 1554 527 1577 cum
547 1555 620 1590 quo
640 1541 843 1592 Latagum,
865 1542 1116 1591 Palmumque
1135 1543 1330 1592 fugacem:

137 1592 211 1629 Sed
230 1592 423 1643 Latagum
442 1607 530 1632 saxo
549 1597 663 1644 atque
681 1595 830 1645 ingenti
847 1595 1033 1645 fragmine
1051 1595 1194 1632 montis

137 1645 309 1695 Occupat
329 1660 369 1684 os
388 1647 594 1697 faciemque
613 1648 831 1694 adversam,
859 1648 1003 1698 poplite
1023 1648 1201 1686 Palmum

137 1698 290 1736 Succiso
309 1699 411 1737 volvi
430 1714 584 1750 segnem
599 1701 712 1748 sinit3
740 1715 917 1751 armaque
937 1701 1063 1739 Lauso

136 1751 269 1789 Donat
288 1752 424 1790 habere
443 1754 622 1800 humeris,
642 1757 681 1792 et
700 1755 840 1792 vertice
860 1755 975 1805 figere
994 1755 1139 1791 cristas.

136 1805 221 1843 Nec
240 1819 317 1843 non
336 1806 543 1844 Evanthen
562 1807 789 1858 Phrygium,
810 1808 1031 1857 Paridisque
1051 1808 1244 1845 Mimanta

137 1858 340 1908 AEqualem
359 1860 634 1910 comitemque:
663 1875 739 1898 una
758 1875 870 1911 quem
889 1864 1001 1898 nocte
1021 1861 1176 1898 Theano

137 1911 188 1948 In
206 1912 330 1950 lucem
349 1913 513 1963 genitori
532 1915 680 1964 Amyco
700 1915 817 1961 dedit,
837 1917 876 1952 et
894 1915 974 1952 face
992 1928 1196 1965 praegnans

138 1964 278 2003 Cisseis
297 1966 428 2016 regina
447 1966 563 2004 Parin
579 1984 586 2004 :
617 1967 724 2005 Paris
743 1969 835 2005 urbe
854 1970 1012 2018 paterna

138 2018 332 2065 Occubat3
359 2020 535 2070 ignarum
555 2020 724 2058 Laurens
743 2021 859 2058 habet
879 2035 944 2058 ora
962 2021 1166 2058 Mimanta.

136 2072 195 2109 Ac
214 2072 320 2110 velut
338 2073 401 2111 ille
421 2087 556 2111 canum
576 2087 706 2111 morsu
724 2075 769 2112 de
788 2075 983 2112 montibus
1002 2074 1089 2111 altis

136 2125 260 2163 Actus
279 2139 378 2175 aper,
398 2127 539 2165 multos
558 2127 721 2164 Vesulus
741 2141 852 2178 quem
870 2127 1006 2178 pinifer
1025 2141 1142 2165 annos

137 2178 332 2226 Defendit,
351 2180 540 2218 multosve
558 2181 664 2230 palus
685 2181 902 2227 Laurentia,
923 2181 1017 2218 silva
1133 2225 1136 2228 Δ

137 2231 277 2269 Pastus
297 2234 513 2280 arundinea,
532 2237 735 2284 postquam
753 2235 854 2272 inter
872 2234 968 2272 retia
985 2235 1146 2272 ventum
1164 2237 1233 2281 est,

139 2285 334 2333 Substitit,
353 2286 624 2337 infremuitque
643 2288 758 2334 ferox,
778 2291 817 2326 et
836 2288 1027 2325 inhorruit
1047 2301 1191 2326 armos:

138 2337 222 2376 Nec
241 2339 418 2389 cuiquam
436 2341 546 2378 irasci
563 2342 764 2392 propiusve
783 2342 956 2379 accedere
974 2341 1108 2386 virtus,

139 2390 213 2428 Sed
225 2392 360 2442 jaculis
379 2394 550 2444 tutisque
569 2395 699 2444 procul
718 2395 942 2432 clamoribus
961 2394 1129 2431 instant:

140 2442 212 2481 Ille
230 2447 361 2482 autem
377 2447 590 2497 impavidus
609 2451 735 2498 partes
755 2450 958 2485 cunctatur
975 2448 1016 2484 in
1035 2461 1176 2493 omneS,

140 2496 331 2535 Dentibus
350 2499 578 2548 infrendens,
598 2504 637 2539 et
655 2504 764 2551 tergo
785 2501 931 2539 decutit
949 2501 1100 2538 hastas:

139 2549 259 2587 Haud
278 2551 398 2598 aliter,
411 2553 529 2603 justae
551 2555 686 2604 quibus
705 2557 764 2592 est
784 2554 994 2592 Mezentius
1012 2553 1089 2599 irae,

140 2602 233 2641 Non
250 2604 320 2641 ulli
339 2608 397 2643 est
416 2607 564 2645 animus
584 2608 719 2646 stricto
739 2620 959 2646 concurrere
977 2607 1075 2644 ferro
1092 2623 1100 2653 3
