1705 2744
632 107 871 137 GEORGIGON
889 107 972 134 LIB.
992 107 1040 134 ΙΙ.

203 209 396 259 Pomaque
415 207 644 258 degenerant
662 218 770 243 sucos
785 204 903 242 oblita
920 203 1083 254 priores;

204 264 260 301 Et
278 265 408 313 turpes
427 261 557 299 avibus
576 259 744 310 praedam
762 258 835 295 fert
854 271 928 294 uva
945 269 1122 294 racemos.

257 316 408 354 Scilicet
427 315 599 353 omnibus
619 314 677 350 est
695 313 800 350 labor
817 310 1101 361 impendendus,
1121 311 1160 347 et
1179 322 1308 348 omnes

205 369 395 420 Cogendae
413 369 452 406 in
471 369 627 407 sulcum,
647 379 689 403 ac
707 366 832 403 multa
848 364 1016 402 mercede
1035 363 1242 402 domandae.

203 423 279 461 Sed
296 423 440 461 truncis
459 422 550 460 oleae
571 420 713 465 melius,
727 419 932 470 propagine
950 418 1047 456 vites

205 477 464 527 Respondent,
483 475 600 513 solido
621 474 777 524 Paphiae
797 473 842 510 de
860 473 992 510 robore
1011 473 1182 522 myrtus3

205 530 354 568 Plantis
373 533 411 568 et
431 531 534 567 durae
553 528 671 566 coruli
688 529 907 574 nascuntur,
926 528 965 564 et
982 526 1116 576 ingens

207 1173 404 1219 Fraxinus,
425 1172 698 1222 Herculeaeque
717 1172 825 1210 arbos
844 1171 1022 1209 umbrosa
1039 1184 1199 1217 coronae,

206 1227 440 1277 Chaoniique
458 1227 576 1277 patris
595 1226 773 1276 glandes3
802 1226 916 1264 etiam
937 1225 1054 1263 ardua
1071 1226 1197 1276 palma

205 1282 399 1327 Nascitur,
419 1283 458 1318 et
477 1294 582 1318 casus
603 1281 703 1318 abies
722 1280 848 1317 visura
866 1279 1042 1317 marinos.

208 1335 395 1372 Inseritur
408 1347 496 1371 vero
516 1336 555 1371 et
573 1334 655 1371 fetu
674 1334 780 1371 nucis
799 1334 956 1372 arbutus
979 1333 1153 1381 horrida3

207 1389 264 1426 Et
282 1389 426 1426 steriles
445 1387 588 1438 platani
608 1387 725 1425 malos
744 1401 891 1439 gessere
910 1387 1102 1435 valentes3

209 1442 405 1480 Castaneae
424 1442 543 1492 faguS‚
563 1455 750 1492 ornusque
768 1441 939 1479 incanuit
959 1441 1042 1478 albo

208 1495 321 1534 Flore
339 1496 422 1546 piri,
441 1496 690 1545 glandemque
709 1509 794 1533 sues
812 1496 956 1545 fregere
975 1495 1044 1532 sub
1063 1493 1189 1531 ulmis.

262 1549 344 1587 Nec
363 1549 496 1587 modus
514 1549 675 1586 inserere
694 1551 807 1599 atque
826 1549 952 1586 oculos
970 1548 1162 1598 imponere
1181 1546 1351 1598 simplex.

211 1603 326 1649 Nam,
345 1616 418 1653 qua
436 1616 474 1640 se
493 1603 616 1640 medio
634 1603 797 1640 trudunt
816 1603 861 1640 de
881 1602 1018 1640 cortice
1037 1614 1211 1652 gemmae,

213 1656 268 1693 Et
286 1658 418 1693 tenues
439 1658 622 1706 rumpunt
640 1656 800 1702 tunicas,
815 1658 999 1706 angustus
1018 1655 1058 1692 in
1076 1655 1158 1705 ipso

213 1709 281 1746 Fit
299 1710 398 1747 nodo
418 1709 542 1747 sinus:
570 1710 645 1747 huo
665 1709 784 1747 aliena
802 1723 847 1747 ex
866 1710 996 1747 arbore
1015 1722 1170 1759 germen

212 1763 435 1809 Includunt‚
454 1763 601 1813 udoque
620 1763 756 1801 docent
774 1763 975 1800 inolescere
996 1763 1104 1799 libro.

210 1817 294 1854 Aut
312 1830 461 1853 rursum
480 1816 615 1854 enodes
634 1817 760 1854 trunci
781 1819 1007 1862 resecantur,
1027 1818 1066 1853 et
1085 1815 1161 1853 alte

212 1870 392 1907 Finditur
410 1870 449 1907 in
468 1870 630 1907 solidum
649 1870 775 1908 cuneis
794 1870 855 1907 via
871 1886 879 1917 ;
907 1870 1040 1908 deinde
1058 1870 1195 1907 feraces

212 1923 362 1961 Plantae
381 1923 666 1961 immittuntur:
695 1937 764 1961 nec
781 1924 940 1974 longum
959 1926 1120 1974 tempus,
1140 1925 1179 1961 et
1197 1922 1331 1974 ingens

212 1977 320 2015 Exiit
339 1977 387 2014 ad
406 1978 543 2015 coelum
561 1977 675 2015 ramis
694 1977 863 2015 felicibus
882 1978 1002 2024 arbos,

211 2031 446 2081 Miraturque
465 2045 582 2068 novas
601 2031 750 2069 frondes
770 2034 809 2069 et
828 2045 905 2069 non
924 2044 991 2068 sua
1008 2043 1132 2081 poma.

266 2084 455 2122 Praeterea
472 2098 591 2135 genus
609 2085 712 2122 haud
730 2099 860 2131 unum,
879 2098 948 2123 nec
967 2084 1128 2122 fortibus
1147 2083 1273 2130 ulmis,

213 2138 295 2176 Nee
314 2139 417 2176 salici
438 2138 602 2189 lotoque,
621 2152 742 2189 neque
761 2138 876 2177 Idaeis
896 2138 1106 2190 cyparissis.

213 2192 296 2230 Nec
314 2193 472 2243 pingues
491 2206 607 2230 unam
624 2192 664 2230 in
683 2192 817 2230 faciem
834 2195 1043 2230 nascuntur
1061 2192 1178 2238 olivae,

214 2245 414 2293 Orchades‚
433 2248 472 2284 et
490 2246 596 2293 radii,
615 2248 655 2284 et
673 2260 801 2284 amara
817 2247 947 2297 pausia
963 2247 1088 2293 bacca,

216 2298 419 2350 Pomaque,
439 2302 478 2337 et
497 2300 646 2338 Alcinoi
665 2300 792 2348 silvae3
819 2314 887 2338 nec
907 2300 1077 2338 surculus
1094 2299 1196 2337 idem

214 2352 440 2391 Crustumiis
460 2353 651 2405 Syriisque
668 2354 770 2404 piris,
788 2354 1039 2405 gravibusque
1057 2353 1225 2392 volemis,

214 2406 307 2443 Non
325 2407 455 2445 eadem
472 2408 666 2446 arboribus
683 2408 823 2458 pendet
840 2408 1031 2446 vindemia
1048 2407 1199 2454 nostris,

219 2459 342 2506 Quam
361 2460 628 2512 Methymnaeo
646 2462 766 2513 carpit
786 2462 831 2500 de
850 2462 1008 2512 palmite
1027 2461 1192 2507 Lesbos;

218 2511 317 2550 Sunt
335 2513 484 2552 Thasiae
502 2515 612 2562 vites,
631 2518 721 2553 sunt
740 2518 779 2554 et
799 2515 1031 2553 Mareotides
1050 2515 1156 2562 albae,

219 2564 428 2617 Pinguibus
447 2568 508 2606 hae
527 2569 638 2607 terris
655 2569 810 2616 habiles,
828 2569 1029 2607 levioribus
1047 2569 1124 2607 illae
1140 2585 1148 2616 ;

224 2618 280 2657 Et
296 2633 404 2671 passo
424 2621 574 2661 Psithia
590 2623 731 2671 utilior,
749 2623 951 2674 tenuisque
969 2623 1128 2674 Lag-ew,

830 2687 856 2715 Ε
