<?xml version="1.0" encoding="UTF-8"?>
<!DOCTYPE html PUBLIC "-//W3C//DTD XHTML 1.0 Transitional//EN"
    "http://www.w3.org/TR/xhtml1/DTD/xhtml1-transitional.dtd">
<html xmlns="http://www.w3.org/1999/xhtml" xml:lang="en" lang="en">
 <head>
  <title>
</title>
<meta http-equiv="Content-Type" content="text/html;charset=utf-8" />
  <meta name='ocr-system' content='tesseract 3.04.00' />
  <meta name='ocr-capabilities' content='ocr_page ocr_carea ocr_par ocr_line ocrx_word'/>
</head>
<body>
  <div class='ocr_page' id='page_1' title='image "./worksfromtextofh00virguoft_0397.png"; bbox 0 0 1674 2775; ppageno 0'>
   <div class='ocr_carea' id='block_1_1' title="bbox 613 85 1438 122">
    <p class='ocr_par' dir='ltr' id='par_1_1' title="bbox 613 85 1438 122">
     <span class='ocr_line' id='line_1_1' title="bbox 613 85 1438 122; baseline 0.005 -4"><span class='ocrx_word' id='word_1_1' title='bbox 613 90 803 118; x_wconf 76' lang='lat' dir='ltr'>AENEmos</span> <span class='ocrx_word' id='word_1_2' title='bbox 823 92 906 118; x_wconf 72' lang='grc' dir='ltr'>ΗΒ.</span> <span class='ocrx_word' id='word_1_3' title='bbox 926 92 984 118; x_wconf 78' lang='lat' dir='ltr'>XI.</span> <span class='ocrx_word' id='word_1_4' title='bbox 1360 85 1438 122; x_wconf 87' lang='lat'>363</span> 
     </span>
    </p>
   </div>
   <div class='ocr_carea' id='block_1_2' title="bbox 149 186 1352 1685">
    <p class='ocr_par' dir='ltr' id='par_1_2' title="bbox 160 186 1115 237">
     <span class='ocr_line' id='line_1_2' title="bbox 160 186 1115 237; baseline 0 -13"><span class='ocrx_word' id='word_1_5' title='bbox 160 187 219 224; x_wconf 88' lang='lat' dir='ltr'>Ut</span> <span class='ocrx_word' id='word_1_6' title='bbox 237 188 349 224; x_wconf 84' lang='lat' dir='ltr'>tanta</span> <span class='ocrx_word' id='word_1_7' title='bbox 367 186 575 237; x_wconf 86' lang='lat' dir='ltr'>quidquam</span> <span class='ocrx_word' id='word_1_8' title='bbox 593 200 661 237; x_wconf 84' lang='lat' dir='ltr'>pro</span> <span class='ocrx_word' id='word_1_9' title='bbox 681 200 746 236; x_wconf 88' lang='lat' dir='ltr'>spe</span> <span class='ocrx_word' id='word_1_10' title='bbox 765 189 915 224; x_wconf 87' lang='lat' dir='ltr'>tentare</span> <span class='ocrx_word' id='word_1_11' title='bbox 934 200 1115 224; x_wconf 89' lang='lat' dir='ltr'>recusem.</span> 
     </span>
    </p>

    <p class='ocr_par' dir='ltr' id='par_1_3' title="bbox 160 240 1258 344">
     <span class='ocr_line' id='line_1_3' title="bbox 160 240 1258 291; baseline 0.001 -13"><span class='ocrx_word' id='word_1_12' title='bbox 160 240 233 278; x_wconf 90' lang='lat' dir='ltr'>Ibo</span> <span class='ocrx_word' id='word_1_13' title='bbox 253 240 389 278; x_wconf 83' lang='lat' dir='ltr'>animis</span> <span class='ocrx_word' id='word_1_14' title='bbox 410 243 564 278; x_wconf 85' lang='lat' dir='ltr'>contra:</span> <span class='ocrx_word' id='word_1_15' title='bbox 594 240 654 278; x_wconf 87' lang='lat' dir='ltr'>vel</span> <span class='ocrx_word' id='word_1_16' title='bbox 672 253 857 290; x_wconf 86' lang='lat' dir='ltr'>magnum</span> <span class='ocrx_word' id='word_1_17' title='bbox 876 243 1038 291; x_wconf 85' lang='lat' dir='ltr'>praestet</span> <span class='ocrx_word' id='word_1_18' title='bbox 1056 241 1258 289; x_wconf 81' lang='lat' dir='ltr'>Achillem,</span> 
     </span>
     <span class='ocr_line' id='line_1_4' title="bbox 162 293 1136 344; baseline 0 -13"><span class='ocrx_word' id='word_1_19' title='bbox 162 294 357 343; x_wconf 77' lang='lat' dir='ltr'>Factaque</span> <span class='ocrx_word' id='word_1_20' title='bbox 376 294 539 331; x_wconf 84' lang='lat' dir='ltr'>Vulcani</span> <span class='ocrx_word' id='word_1_21' title='bbox 559 293 734 331; x_wconf 87' lang='lat' dir='ltr'>manibus</span> <span class='ocrx_word' id='word_1_22' title='bbox 753 294 857 344; x_wconf 82' lang='lat' dir='ltr'>paria</span> <span class='ocrx_word' id='word_1_23' title='bbox 875 294 1011 331; x_wconf 79' lang='lat' dir='ltr'>induat</span> <span class='ocrx_word' id='word_1_24' title='bbox 1031 308 1136 332; x_wconf 86' lang='lat' dir='ltr'>arma</span> 
     </span>
    </p>

    <p class='ocr_par' dir='ltr' id='par_1_4' title="bbox 159 347 1214 501">
     <span class='ocr_line' id='line_1_5' title="bbox 161 347 1214 398; baseline 0.002 -14"><span class='ocrx_word' id='word_1_25' title='bbox 161 347 234 385; x_wconf 90' lang='lat' dir='ltr'>Ille</span> <span class='ocrx_word' id='word_1_26' title='bbox 252 347 352 385; x_wconf 89' lang='lat' dir='ltr'>licet.</span> <span class='ocrx_word' id='word_1_27' title='bbox 411 347 529 385; x_wconf 84' lang='lat' dir='ltr'>Vobis</span> <span class='ocrx_word' id='word_1_28' title='bbox 550 347 716 384; x_wconf 88' lang='lat' dir='ltr'>animam</span> <span class='ocrx_word' id='word_1_29' title='bbox 734 347 833 385; x_wconf 86' lang='lat' dir='ltr'>hanc</span> <span class='ocrx_word' id='word_1_30' title='bbox 853 361 1054 398; x_wconf 79' lang='lat' dir='ltr'>soceroque</span> <span class='ocrx_word' id='word_1_31' title='bbox 1074 348 1214 386; x_wconf 83' lang='lat' dir='ltr'>Latino</span> 
     </span>
     <span class='ocr_line' id='line_1_6' title="bbox 162 400 1203 451; baseline 0.002 -14"><span class='ocrx_word' id='word_1_32' title='bbox 162 400 315 438; x_wconf 85' lang='lat' dir='ltr'>Turnus</span> <span class='ocrx_word' id='word_1_33' title='bbox 335 414 417 451; x_wconf 82' lang='lat' dir='ltr'>ego,</span> <span class='ocrx_word' id='word_1_34' title='bbox 437 401 540 438; x_wconf 82' lang='lat' dir='ltr'>haud</span> <span class='ocrx_word' id='word_1_35' title='bbox 559 401 627 437; x_wconf 87' lang='lat' dir='ltr'>ulli</span> <span class='ocrx_word' id='word_1_36' title='bbox 647 403 819 438; x_wconf 88' lang='lat' dir='ltr'>veterum</span> <span class='ocrx_word' id='word_1_37' title='bbox 839 401 985 438; x_wconf 87' lang='lat' dir='ltr'>virtute</span> <span class='ocrx_word' id='word_1_38' title='bbox 1005 403 1203 449; x_wconf 82' lang='lat' dir='ltr'>secundus,</span> 
     </span>
     <span class='ocr_line' id='line_1_7' title="bbox 159 454 1143 501; baseline 0.002 -10"><span class='ocrx_word' id='word_1_39' title='bbox 159 454 320 492; x_wconf 88' lang='lat' dir='ltr'>Devovi.</span> <span class='ocrx_word' id='word_1_40' title='bbox 377 454 509 492; x_wconf 87' lang='lat' dir='ltr'>Solum</span> <span class='ocrx_word' id='word_1_41' title='bbox 528 454 669 492; x_wconf 88' lang='lat' dir='ltr'>AEneas</span> <span class='ocrx_word' id='word_1_42' title='bbox 690 457 823 492; x_wconf 85' lang='lat' dir='ltr'>vocat:</span> <span class='ocrx_word' id='word_1_43' title='bbox 853 457 904 500; x_wconf 88' lang='lat' dir='ltr'>et,</span> <span class='ocrx_word' id='word_1_44' title='bbox 925 457 1046 501; x_wconf 88' lang='lat' dir='ltr'>vocet,</span> <span class='ocrx_word' id='word_1_45' title='bbox 1067 469 1143 493; x_wconf 84' lang='lat' dir='ltr'>oro.</span> 
     </span>
    </p>

    <p class='ocr_par' dir='ltr' id='par_1_5' title="bbox 158 507 1129 612">
     <span class='ocr_line' id='line_1_8' title="bbox 158 507 1129 558; baseline 0 -13"><span class='ocrx_word' id='word_1_46' title='bbox 158 507 242 545; x_wconf 89' lang='lat' dir='ltr'>Nec</span> <span class='ocrx_word' id='word_1_47' title='bbox 262 507 432 545; x_wconf 82' lang='lat' dir='ltr'>Drances</span> <span class='ocrx_word' id='word_1_48' title='bbox 451 508 591 558; x_wconf 82' lang='lat' dir='ltr'>potius,</span> <span class='ocrx_word' id='word_1_49' title='bbox 612 508 690 546; x_wconf 89' lang='lat' dir='ltr'>sive</span> <span class='ocrx_word' id='word_1_50' title='bbox 710 510 768 546; x_wconf 86' lang='lat' dir='ltr'>est</span> <span class='ocrx_word' id='word_1_51' title='bbox 788 508 867 546; x_wconf 82' lang='lat' dir='ltr'>haec</span> <span class='ocrx_word' id='word_1_52' title='bbox 887 509 943 545; x_wconf 82' lang='lat' dir='ltr'>ira</span> <span class='ocrx_word' id='word_1_53' title='bbox 961 509 1129 555; x_wconf 83' lang='lat' dir='ltr'>deorum,</span> 
     </span>
     <span class='ocr_line' id='line_1_9' title="bbox 158 561 1122 612; baseline 0.001 -14"><span class='ocrx_word' id='word_1_54' title='bbox 158 561 290 599; x_wconf 87' lang='lat' dir='ltr'>Morte</span> <span class='ocrx_word' id='word_1_55' title='bbox 308 562 412 607; x_wconf 82' lang='lat' dir='ltr'>luat3</span> <span class='ocrx_word' id='word_1_56' title='bbox 442 562 520 599; x_wconf 88' lang='lat' dir='ltr'>sive</span> <span class='ocrx_word' id='word_1_57' title='bbox 540 564 598 599; x_wconf 88' lang='lat' dir='ltr'>est</span> <span class='ocrx_word' id='word_1_58' title='bbox 617 562 741 599; x_wconf 87' lang='lat' dir='ltr'>virtus</span> <span class='ocrx_word' id='word_1_59' title='bbox 761 564 800 599; x_wconf 86' lang='lat' dir='ltr'>et</span> <span class='ocrx_word' id='word_1_60' title='bbox 819 562 951 612; x_wconf 82' lang='lat' dir='ltr'>gloria,</span> <span class='ocrx_word' id='word_1_61' title='bbox 971 562 1122 599; x_wconf 45' lang='lat' dir='ltr'>tollat?</span> 
     </span>
    </p>

    <p class='ocr_par' dir='ltr' id='par_1_6' title="bbox 150 615 1323 1202">
     <span class='ocr_line' id='line_1_10' title="bbox 208 615 1077 666; baseline 0.001 -14"><span class='ocrx_word' id='word_1_62' title='bbox 208 615 274 652; x_wconf 84' lang='lat' dir='ltr'>Illi</span> <span class='ocrx_word' id='word_1_63' title='bbox 292 615 372 652; x_wconf 85' lang='lat' dir='ltr'>haec</span> <span class='ocrx_word' id='word_1_64' title='bbox 392 615 493 653; x_wconf 87' lang='lat' dir='ltr'>inter</span> <span class='ocrx_word' id='word_1_65' title='bbox 513 629 552 653; x_wconf 85' lang='lat' dir='ltr'>se</span> <span class='ocrx_word' id='word_1_66' title='bbox 572 615 695 653; x_wconf 86' lang='lat' dir='ltr'>dubiis</span> <span class='ocrx_word' id='word_1_67' title='bbox 716 616 761 653; x_wconf 88' lang='lat' dir='ltr'>de</span> <span class='ocrx_word' id='word_1_68' title='bbox 780 616 891 653; x_wconf 84' lang='lat' dir='ltr'>rebus</span> <span class='ocrx_word' id='word_1_69' title='bbox 912 616 1077 666; x_wconf 78' lang='lat' dir='ltr'>agebant</span> 
     </span>
     <span class='ocr_line' id='line_1_11' title="bbox 155 667 1118 719; baseline 0.001 -13"><span class='ocrx_word' id='word_1_70' title='bbox 155 667 358 706; x_wconf 83' lang='lat' dir='ltr'>Certantes</span> <span class='ocrx_word' id='word_1_71' title='bbox 375 686 383 706; x_wconf 88' lang='grc'>;</span> <span class='ocrx_word' id='word_1_72' title='bbox 413 671 537 706; x_wconf 82' lang='lat' dir='ltr'>castra</span> <span class='ocrx_word' id='word_1_73' title='bbox 556 669 697 706; x_wconf 84' lang='lat' dir='ltr'>AEneas</span> <span class='ocrx_word' id='word_1_74' title='bbox 716 669 908 719; x_wconf 74' lang='lat' dir='ltr'>aciemque</span> <span class='ocrx_word' id='word_1_75' title='bbox 928 670 1118 707; x_wconf 87' lang='lat' dir='ltr'>movebat.</span> 
     </span>
     <span class='ocr_line' id='line_1_12' title="bbox 155 721 1028 773; baseline 0 -14"><span class='ocrx_word' id='word_1_76' title='bbox 155 721 333 760; x_wconf 90' lang='lat' dir='ltr'>Nuncius</span> <span class='ocrx_word' id='word_1_77' title='bbox 353 723 503 772; x_wconf 85' lang='lat' dir='ltr'>ingenti</span> <span class='ocrx_word' id='word_1_78' title='bbox 522 736 589 773; x_wconf 83' lang='lat' dir='ltr'>per</span> <span class='ocrx_word' id='word_1_79' title='bbox 607 723 712 773; x_wconf 79' lang='lat' dir='ltr'>regia</span> <span class='ocrx_word' id='word_1_80' title='bbox 730 725 835 760; x_wconf 87' lang='lat' dir='ltr'>tecta</span> <span class='ocrx_word' id='word_1_81' title='bbox 853 723 1028 760; x_wconf 87' lang='lat' dir='ltr'>tumultu</span> 
     </span>
     <span class='ocr_line' id='line_1_13' title="bbox 154 775 1164 826; baseline 0.002 -14"><span class='ocrx_word' id='word_1_82' title='bbox 154 775 255 814; x_wconf 88' lang='lat' dir='ltr'>Ecce</span> <span class='ocrx_word' id='word_1_83' title='bbox 274 776 364 822; x_wconf 88' lang='lat' dir='ltr'>ruit,</span> <span class='ocrx_word' id='word_1_84' title='bbox 384 776 608 826; x_wconf 82' lang='lat' dir='ltr'>magnisque</span> <span class='ocrx_word' id='word_1_85' title='bbox 628 777 760 813; x_wconf 87' lang='lat' dir='ltr'>urbem</span> <span class='ocrx_word' id='word_1_86' title='bbox 779 776 987 813; x_wconf 86' lang='lat' dir='ltr'>terroribus</span> <span class='ocrx_word' id='word_1_87' title='bbox 1007 776 1164 826; x_wconf 89' lang='lat' dir='ltr'>implet:</span> 
     </span>
     <span class='ocr_line' id='line_1_14' title="bbox 154 828 1074 867; baseline 0 -1"><span class='ocrx_word' id='word_1_88' title='bbox 154 828 374 867; x_wconf 86' lang='lat' dir='ltr'>Instructos</span> <span class='ocrx_word' id='word_1_89' title='bbox 395 830 473 867; x_wconf 89' lang='lat' dir='ltr'>acie</span> <span class='ocrx_word' id='word_1_90' title='bbox 493 830 672 867; x_wconf 86' lang='lat' dir='ltr'>Tiberino</span> <span class='ocrx_word' id='word_1_91' title='bbox 692 843 714 866; x_wconf 88' lang='lat' dir='ltr'>a</span> <span class='ocrx_word' id='word_1_92' title='bbox 732 829 888 867; x_wconf 86' lang='lat' dir='ltr'>flumine</span> <span class='ocrx_word' id='word_1_93' title='bbox 909 829 1074 867; x_wconf 86' lang='lat' dir='ltr'>Teucros</span> 
     </span>
     <span class='ocr_line' id='line_1_15' title="bbox 153 882 1174 934; baseline 0.001 -15"><span class='ocrx_word' id='word_1_94' title='bbox 153 882 466 934; x_wconf 79' lang='lat' dir='ltr'>Tyrrhenamque</span> <span class='ocrx_word' id='word_1_95' title='bbox 485 897 644 920; x_wconf 86' lang='lat' dir='ltr'>manum</span> <span class='ocrx_word' id='word_1_96' title='bbox 662 883 757 920; x_wconf 88' lang='lat' dir='ltr'>totis</span> <span class='ocrx_word' id='word_1_97' title='bbox 777 883 1000 921; x_wconf 84' lang='lat' dir='ltr'>descendere</span> <span class='ocrx_word' id='word_1_98' title='bbox 1021 883 1174 934; x_wconf 81' lang='lat' dir='ltr'>campis.</span> 
     </span>
     <span class='ocr_line' id='line_1_16' title="bbox 151 936 1078 988; baseline -0.001 -14"><span class='ocrx_word' id='word_1_99' title='bbox 151 936 359 988; x_wconf 80' lang='lat' dir='ltr'>Extemplo</span> <span class='ocrx_word' id='word_1_100' title='bbox 379 937 528 974; x_wconf 85' lang='lat' dir='ltr'>turbati</span> <span class='ocrx_word' id='word_1_101' title='bbox 547 937 675 983; x_wconf 85' lang='lat' dir='ltr'>animi,</span> <span class='ocrx_word' id='word_1_102' title='bbox 696 950 950 987; x_wconf 87' lang='lat' dir='ltr'>concussaque</span> <span class='ocrx_word' id='word_1_103' title='bbox 970 937 1078 987; x_wconf 78' lang='lat' dir='ltr'>vulgi</span> 
     </span>
     <span class='ocr_line' id='line_1_17' title="bbox 150 990 1161 1037; baseline -0.001 -9"><span class='ocrx_word' id='word_1_104' title='bbox 150 990 325 1037; x_wconf 87' lang='lat' dir='ltr'>Pectora,</span> <span class='ocrx_word' id='word_1_105' title='bbox 345 992 384 1028; x_wconf 84' lang='lat' dir='ltr'>et</span> <span class='ocrx_word' id='word_1_106' title='bbox 404 993 557 1028; x_wconf 75' lang='lat' dir='ltr'>arrectae</span> <span class='ocrx_word' id='word_1_107' title='bbox 577 991 742 1028; x_wconf 88' lang='lat' dir='ltr'>stimulis</span> <span class='ocrx_word' id='word_1_108' title='bbox 762 991 865 1027; x_wconf 86' lang='lat' dir='ltr'>haud</span> <span class='ocrx_word' id='word_1_109' title='bbox 884 990 1062 1028; x_wconf 86' lang='lat' dir='ltr'>mollibus</span> <span class='ocrx_word' id='word_1_110' title='bbox 1082 991 1161 1028; x_wconf 85' lang='lat' dir='ltr'>irae.</span> 
     </span>
     <span class='ocr_line' id='line_1_18' title="bbox 151 1044 1273 1094; baseline 0 -14"><span class='ocrx_word' id='word_1_111' title='bbox 151 1044 273 1082; x_wconf 88' lang='lat' dir='ltr'>Arma</span> <span class='ocrx_word' id='word_1_112' title='bbox 291 1058 407 1082; x_wconf 88' lang='lat' dir='ltr'>manu</span> <span class='ocrx_word' id='word_1_113' title='bbox 426 1044 566 1094; x_wconf 82' lang='lat' dir='ltr'>trepidi</span> <span class='ocrx_word' id='word_1_114' title='bbox 585 1046 771 1094; x_wconf 80' lang='lat' dir='ltr'>poscunt3</span> <span class='ocrx_word' id='word_1_115' title='bbox 799 1045 928 1082; x_wconf 85' lang='lat' dir='ltr'>fremit</span> <span class='ocrx_word' id='word_1_116' title='bbox 949 1058 1053 1081; x_wconf 88' lang='lat' dir='ltr'>arma</span> <span class='ocrx_word' id='word_1_117' title='bbox 1066 1044 1273 1093; x_wconf 85' lang='lat' dir='ltr'>juventus;</span> 
     </span>
     <span class='ocr_line' id='line_1_19' title="bbox 151 1097 1323 1148; baseline 0.001 -14"><span class='ocrx_word' id='word_1_118' title='bbox 151 1097 268 1136; x_wconf 87' lang='lat' dir='ltr'>Flent</span> <span class='ocrx_word' id='word_1_119' title='bbox 286 1099 411 1136; x_wconf 87' lang='lat' dir='ltr'>maesti</span> <span class='ocrx_word' id='word_1_120' title='bbox 430 1102 680 1147; x_wconf 84' lang='lat' dir='ltr'>mussantque</span> <span class='ocrx_word' id='word_1_121' title='bbox 699 1101 838 1148; x_wconf 86' lang='lat' dir='ltr'>patres.</span> <span class='ocrx_word' id='word_1_122' title='bbox 895 1098 973 1136; x_wconf 86' lang='lat' dir='ltr'>Hic</span> <span class='ocrx_word' id='word_1_123' title='bbox 992 1098 1160 1148; x_wconf 87' lang='lat' dir='ltr'>undique</span> <span class='ocrx_word' id='word_1_124' title='bbox 1180 1098 1323 1135; x_wconf 82' lang='lat' dir='ltr'>clamor</span> 
     </span>
     <span class='ocr_line' id='line_1_20' title="bbox 151 1151 1035 1202; baseline 0.001 -14"><span class='ocrx_word' id='word_1_125' title='bbox 151 1151 339 1190; x_wconf 90' lang='lat' dir='ltr'>Dissensu</span> <span class='ocrx_word' id='word_1_126' title='bbox 357 1152 461 1189; x_wconf 89' lang='lat' dir='ltr'>vario</span> <span class='ocrx_word' id='word_1_127' title='bbox 481 1165 644 1202; x_wconf 78' lang='lat' dir='ltr'>magnus</span> <span class='ocrx_word' id='word_1_128' title='bbox 665 1166 702 1189; x_wconf 88' lang='lat' dir='ltr'>se</span> <span class='ocrx_word' id='word_1_129' title='bbox 722 1152 826 1189; x_wconf 88' lang='lat' dir='ltr'>tollit</span> <span class='ocrx_word' id='word_1_130' title='bbox 846 1152 885 1189; x_wconf 91' lang='lat' dir='ltr'>in</span> <span class='ocrx_word' id='word_1_131' title='bbox 905 1165 1035 1189; x_wconf 85' lang='lat' dir='ltr'>auras:</span> 
     </span>
    </p>

    <p class='ocr_par' dir='ltr' id='par_1_7' title="bbox 150 1205 1234 1308">
     <span class='ocr_line' id='line_1_21' title="bbox 151 1205 1234 1255; baseline 0 -13"><span class='ocrx_word' id='word_1_132' title='bbox 151 1205 271 1243; x_wconf 88' lang='lat' dir='ltr'>Haud</span> <span class='ocrx_word' id='word_1_133' title='bbox 290 1219 397 1243; x_wconf 87' lang='lat' dir='ltr'>secus</span> <span class='ocrx_word' id='word_1_134' title='bbox 418 1207 531 1254; x_wconf 86' lang='lat' dir='ltr'>atque</span> <span class='ocrx_word' id='word_1_135' title='bbox 551 1205 629 1242; x_wconf 89' lang='lat' dir='ltr'>alto</span> <span class='ocrx_word' id='word_1_136' title='bbox 649 1205 688 1242; x_wconf 87' lang='lat' dir='ltr'>in</span> <span class='ocrx_word' id='word_1_137' title='bbox 708 1205 793 1243; x_wconf 90' lang='lat' dir='ltr'>luco</span> <span class='ocrx_word' id='word_1_138' title='bbox 813 1219 933 1255; x_wconf 88' lang='lat' dir='ltr'>quum</span> <span class='ocrx_word' id='word_1_139' title='bbox 953 1206 1051 1243; x_wconf 85' lang='lat' dir='ltr'>forte</span> <span class='ocrx_word' id='word_1_140' title='bbox 1071 1208 1234 1243; x_wconf 80' lang='lat' dir='ltr'>catervae</span> 
     </span>
     <span class='ocr_line' id='line_1_22' title="bbox 150 1259 1050 1308; baseline -0.001 -11"><span class='ocrx_word' id='word_1_141' title='bbox 150 1259 363 1297; x_wconf 84' lang='lat' dir='ltr'>Consedere</span> <span class='ocrx_word' id='word_1_142' title='bbox 383 1259 522 1305; x_wconf 83' lang='lat' dir='ltr'>avium,</span> <span class='ocrx_word' id='word_1_143' title='bbox 542 1259 736 1308; x_wconf 86' lang='lat' dir='ltr'>piscosove</span> <span class='ocrx_word' id='word_1_144' title='bbox 757 1273 866 1297; x_wconf 88' lang='lat' dir='ltr'>amne</span> <span class='ocrx_word' id='word_1_145' title='bbox 886 1259 1050 1296; x_wconf 88' lang='lat' dir='ltr'>Padusae</span> 
     </span>
    </p>

    <p class='ocr_par' dir='ltr' id='par_1_8' title="bbox 150 1312 1143 1363">
     <span class='ocr_line' id='line_1_23' title="bbox 150 1312 1143 1363; baseline -0.002 -12"><span class='ocrx_word' id='word_1_146' title='bbox 150 1313 260 1351; x_wconf 85' lang='lat' dir='ltr'>Dant</span> <span class='ocrx_word' id='word_1_147' title='bbox 280 1313 449 1351; x_wconf 89' lang='lat' dir='ltr'>sonitum</span> <span class='ocrx_word' id='word_1_148' title='bbox 467 1312 571 1350; x_wconf 90' lang='lat' dir='ltr'>rauci</span> <span class='ocrx_word' id='word_1_149' title='bbox 591 1326 657 1362; x_wconf 84' lang='lat' dir='ltr'>per</span> <span class='ocrx_word' id='word_1_150' title='bbox 677 1315 815 1363; x_wconf 82' lang='lat' dir='ltr'>stagna</span> <span class='ocrx_word' id='word_1_151' title='bbox 832 1313 1003 1363; x_wconf 84' lang='lat' dir='ltr'>loquacia</span> <span class='ocrx_word' id='word_1_152' title='bbox 1023 1312 1143 1363; x_wconf 76' lang='lat' dir='ltr'>cycni.</span> 
     </span>
    </p>

    <p class='ocr_par' dir='ltr' id='par_1_9' title="bbox 150 1366 1224 1417">
     <span class='ocr_line' id='line_1_24' title="bbox 150 1366 1224 1417; baseline -0.001 -13"><span class='ocrx_word' id='word_1_153' title='bbox 150 1370 171 1386; x_wconf 74' lang='lat'>‘⁶</span> <span class='ocrx_word' id='word_1_154' title='bbox 185 1366 351 1413; x_wconf 87' lang='lat' dir='ltr'>Immo,”</span> <span class='ocrx_word' id='word_1_155' title='bbox 373 1366 439 1412; x_wconf 89' lang='lat' dir='ltr'>ait,</span> <span class='ocrx_word' id='word_1_156' title='bbox 461 1369 481 1385; x_wconf 84' lang='lat'><strong>“</strong></span> <span class='ocrx_word' id='word_1_157' title='bbox 495 1380 516 1404; x_wconf 94' lang='lat' dir='ltr'>o</span> <span class='ocrx_word' id='word_1_158' title='bbox 537 1366 675 1412; x_wconf 84' lang='lat' dir='ltr'>cives‚&#39;’</span> <span class='ocrx_word' id='word_1_159' title='bbox 697 1369 848 1416; x_wconf 89' lang='lat' dir='ltr'>arrepto</span> <span class='ocrx_word' id='word_1_160' title='bbox 868 1369 1039 1417; x_wconf 88' lang='lat' dir='ltr'>tempore</span> <span class='ocrx_word' id='word_1_161' title='bbox 1060 1366 1224 1413; x_wconf 86' lang='lat' dir='ltr'>Turnus,</span> 
     </span>
    </p>

    <p class='ocr_par' dir='ltr' id='par_1_10' title="bbox 150 1420 1155 1471">
     <span class='ocr_line' id='line_1_25' title="bbox 150 1420 1155 1471; baseline 0 -13"><span class='ocrx_word' id='word_1_162' title='bbox 150 1423 171 1439; x_wconf 88' lang='lat'><strong>“</strong></span> <span class='ocrx_word' id='word_1_163' title='bbox 185 1420 323 1471; x_wconf 82' lang='lat' dir='ltr'>Cogite</span> <span class='ocrx_word' id='word_1_164' title='bbox 343 1420 557 1467; x_wconf 83' lang='lat' dir='ltr'>concilium,</span> <span class='ocrx_word' id='word_1_165' title='bbox 578 1422 616 1458; x_wconf 86' lang='lat' dir='ltr'>et</span> <span class='ocrx_word' id='word_1_166' title='bbox 636 1434 767 1470; x_wconf 86' lang='lat' dir='ltr'>pacem</span> <span class='ocrx_word' id='word_1_167' title='bbox 786 1421 939 1458; x_wconf 85' lang='lat' dir='ltr'>laudate</span> <span class='ocrx_word' id='word_1_168' title='bbox 960 1421 1155 1458; x_wconf 86' lang='lat' dir='ltr'>sedentes:</span> 
     </span>
    </p>

    <p class='ocr_par' dir='ltr' id='par_1_11' title="bbox 149 1473 1159 1578">
     <span class='ocr_line' id='line_1_26' title="bbox 149 1473 1159 1524; baseline -0.001 -12"><span class='ocrx_word' id='word_1_169' title='bbox 149 1473 215 1511; x_wconf 84' lang='lat' dir='ltr'>Ilh&#39;</span> <span class='ocrx_word' id='word_1_170' title='bbox 234 1474 348 1512; x_wconf 89' lang='lat' dir='ltr'>armis</span> <span class='ocrx_word' id='word_1_171' title='bbox 367 1474 408 1511; x_wconf 90' lang='lat' dir='ltr'>in</span> <span class='ocrx_word' id='word_1_172' title='bbox 427 1487 545 1524; x_wconf 81' lang='lat' dir='ltr'>regna</span> <span class='ocrx_word' id='word_1_173' title='bbox 563 1474 718 1511; x_wconf 83' lang='lat' dir='ltr'>ruant.’&#39;</span> <span class='ocrx_word' id='word_1_174' title='bbox 776 1474 860 1511; x_wconf 90' lang='lat' dir='ltr'>Nec</span> <span class='ocrx_word' id='word_1_175' title='bbox 880 1474 990 1524; x_wconf 86' lang='lat' dir='ltr'>plura</span> <span class='ocrx_word' id='word_1_176' title='bbox 1007 1474 1159 1511; x_wconf 87' lang='lat' dir='ltr'>locutus</span> 
     </span>
     <span class='ocr_line' id='line_1_27' title="bbox 151 1527 1035 1578; baseline -0.001 -13"><span class='ocrx_word' id='word_1_177' title='bbox 151 1527 345 1578; x_wconf 86' lang='lat' dir='ltr'>Corripuit</span> <span class='ocrx_word' id='word_1_178' title='bbox 366 1541 444 1565; x_wconf 91' lang='lat' dir='ltr'>sese</span> <span class='ocrx_word' id='word_1_179' title='bbox 464 1530 503 1565; x_wconf 88' lang='lat' dir='ltr'>et</span> <span class='ocrx_word' id='word_1_180' title='bbox 522 1527 637 1564; x_wconf 88' lang='lat' dir='ltr'>tectis</span> <span class='ocrx_word' id='word_1_181' title='bbox 657 1528 757 1564; x_wconf 89' lang='lat' dir='ltr'>citus</span> <span class='ocrx_word' id='word_1_182' title='bbox 777 1528 916 1565; x_wconf 80' lang='lat' dir='ltr'>extulit</span> <span class='ocrx_word' id='word_1_183' title='bbox 936 1528 1035 1565; x_wconf 87' lang='lat' dir='ltr'>altis.</span> 
     </span>
    </p>

    <p class='ocr_par' dir='ltr' id='par_1_12' title="bbox 151 1580 1178 1631">
     <span class='ocr_line' id='line_1_28' title="bbox 151 1580 1178 1631; baseline -0.001 -13"><span class='ocrx_word' id='word_1_184' title='bbox 151 1584 171 1600; x_wconf 88' lang='lat'><strong>“</strong></span> <span class='ocrx_word' id='word_1_185' title='bbox 185 1581 257 1627; x_wconf 86' lang='lat' dir='ltr'>Tu,</span> <span class='ocrx_word' id='word_1_186' title='bbox 278 1581 431 1627; x_wconf 87' lang='lat' dir='ltr'>Voluse,</span> <span class='ocrx_word' id='word_1_187' title='bbox 452 1581 589 1618; x_wconf 81' lang='lat' dir='ltr'>armari</span> <span class='ocrx_word' id='word_1_188' title='bbox 610 1581 835 1618; x_wconf 87' lang='lat' dir='ltr'>Volscorum</span> <span class='ocrx_word' id='word_1_189' title='bbox 855 1581 958 1618; x_wconf 84' lang='lat' dir='ltr'>edice</span> <span class='ocrx_word' id='word_1_190' title='bbox 978 1580 1178 1631; x_wconf 83' lang='lat' dir='ltr'>maniplis3</span> 
     </span>
    </p>

    <p class='ocr_par' dir='ltr' id='par_1_13' title="bbox 150 1632 1352 1685">
     <span class='ocr_line' id='line_1_29' title="bbox 150 1632 1352 1685; baseline -0.001 -14"><span class='ocrx_word' id='word_1_191' title='bbox 150 1634 276 1680; x_wconf 89' lang='lat' dir='ltr'>Duc‚&#39;’</span> <span class='ocrx_word' id='word_1_192' title='bbox 299 1635 365 1681; x_wconf 87' lang='lat' dir='ltr'>ait,</span> <span class='ocrx_word' id='word_1_193' title='bbox 386 1638 407 1653; x_wconf 70' lang='lat'>‘⁴</span> <span class='ocrx_word' id='word_1_194' title='bbox 421 1637 460 1672; x_wconf 89' lang='lat' dir='ltr'>et</span> <span class='ocrx_word' id='word_1_195' title='bbox 480 1634 660 1672; x_wconf 82' lang='lat' dir='ltr'>Rutulos.</span> <span class='ocrx_word' id='word_1_196' title='bbox 717 1635 914 1685; x_wconf 84' lang='lat' dir='ltr'>Equitem,</span> <span class='ocrx_word' id='word_1_197' title='bbox 936 1634 1149 1685; x_wconf 86' lang='lat' dir='ltr'>Messapus,</span> <span class='ocrx_word' id='word_1_198' title='bbox 1169 1634 1209 1670; x_wconf 86' lang='lat' dir='ltr'>in</span> <span class='ocrx_word' id='word_1_199' title='bbox 1225 1632 1352 1680; x_wconf 88' lang='lat' dir='ltr'>armis,</span> 
     </span>
    </p>
   </div>
   <div class='ocr_carea' id='block_1_3' title="bbox 69 1761 1534 2592">
    <p class='ocr_par' dir='ltr' id='par_1_14' title="bbox 69 1761 1534 2592">
     <span class='ocr_line' id='line_1_30' title="bbox 69 1761 1534 2592; baseline 0.022 -32"><span class='ocrx_word' id='word_1_200' title='bbox 69 1761 1534 2592; x_wconf 95' lang='lat' dir='ltr'>  </span> 
     </span>
    </p>
   </div>
   <div class='ocr_carea' id='block_1_4' title="bbox 632 2564 1278 2572">
    <p class='ocr_par' dir='ltr' id='par_1_15' title="bbox 632 2564 1278 2572">
     <span class='ocr_line' id='line_1_31' title="bbox 632 2564 1278 2572; baseline 0 0"><span class='ocrx_word' id='word_1_201' title='bbox 632 2564 1278 2572; x_wconf 95' lang='lat' dir='ltr'> </span> 
     </span>
    </p>
   </div>
   <div class='ocr_carea' id='block_1_5' title="bbox 632 2565 1456 2572">
    <p class='ocr_par' dir='ltr' id='par_1_16' title="bbox 632 2565 1456 2572">
     <span class='ocr_line' id='line_1_32' title="bbox 632 2565 1456 2572; baseline 0 0"><span class='ocrx_word' id='word_1_202' title='bbox 632 2565 1456 2572; x_wconf 95' lang='lat' dir='ltr'> </span> 
     </span>
    </p>
   </div>
   <div class='ocr_carea' id='block_1_6' title="bbox 632 2566 1278 2573">
    <p class='ocr_par' dir='ltr' id='par_1_17' title="bbox 632 2566 1278 2573">
     <span class='ocr_line' id='line_1_33' title="bbox 632 2566 1278 2573; baseline 0 0"><span class='ocrx_word' id='word_1_203' title='bbox 632 2566 1278 2573; x_wconf 95' lang='lat' dir='ltr'> </span> 
     </span>
    </p>
   </div>
   <div class='ocr_carea' id='block_1_7' title="bbox 632 2567 1278 2572">
    <p class='ocr_par' dir='ltr' id='par_1_18' title="bbox 632 2567 1278 2572">
     <span class='ocr_line' id='line_1_34' title="bbox 632 2567 1278 2572; baseline 0 0"><span class='ocrx_word' id='word_1_204' title='bbox 632 2567 1278 2572; x_wconf 95' lang='lat' dir='ltr'> </span> 
     </span>
    </p>
   </div>
   <div class='ocr_carea' id='block_1_8' title="bbox 251 2560 1534 2592">
    <p class='ocr_par' dir='ltr' id='par_1_19' title="bbox 251 2560 1534 2592">
     <span class='ocr_line' id='line_1_35' title="bbox 251 2560 1534 2592; baseline 0 183"><span class='ocrx_word' id='word_1_205' title='bbox 251 2560 1534 2592; x_wconf 95' lang='lat' dir='ltr'> </span> 
     </span>
    </p>
   </div>
   <div class='ocr_carea' id='block_1_9' title="bbox 113 2576 200 2581">
    <p class='ocr_par' dir='ltr' id='par_1_20' title="bbox 113 2576 200 2581">
     <span class='ocr_line' id='line_1_36' title="bbox 113 2576 200 2581; baseline 0 0"><span class='ocrx_word' id='word_1_206' title='bbox 113 2576 200 2581; x_wconf 95' lang='lat' dir='ltr'> </span> 
     </span>
    </p>
   </div>
   <div class='ocr_carea' id='block_1_10' title="bbox 75 2576 251 2609">
    <p class='ocr_par' dir='ltr' id='par_1_21' title="bbox 75 2576 251 2609">
     <span class='ocr_line' id='line_1_37' title="bbox 75 2576 251 2609; baseline -0.023 -3"><span class='ocrx_word' id='word_1_207' title='bbox 75 2576 251 2609; x_wconf 56' lang='grc' dir='ltr'>ῖῐπυτσεῖν.</span> 
     </span>
    </p>
   </div>
  </div>
 </body>
</html>
