1705 2744
229 101 308 139 206
643 109 677 136 P.
698 108 884 136 VIRGILII
903 108 1092 136 MARoms

232 206 315 243 Nec
333 218 450 251 mora,
467 218 536 242 nec
554 203 710 255 requies.
767 203 890 250 Quam
908 203 1030 241 multa
1047 203 1229 254 grandine
1247 204 1367 243 nimbi

232 258 470 296 Culminibus
490 258 699 307 crepitant:
729 257 780 294 sic
800 257 923 294 densis
942 257 1080 294 ictibus
1098 257 1208 295 heros

231 312 370 350 Creber
387 314 546 361 utraque
566 324 681 347 manu
698 310 824 360 pulsat
842 311 1039 360 versatque
1059 310 1213 348 Dareta.

232 365 333 402 Tum
351 368 459 415 pater
477 364 615 401 AEneas
634 364 831 413 procedere
848 363 997 413 longius
1016 363 1100 409 iras,

232 418 288 455 Et
308 418 435 455 saevire
455 417 588 454 animis
608 416 806 453 Entellum
824 416 927 453 haud
944 429 1073 466 passus
1093 416 1254 463 acerbis3

233 471 306 509 Sed
325 471 439 508 finem
457 469 638 520 imposuit
657 483 804 519 pugnae,
822 470 1035 518 fessumque
1055 469 1198 507 Dareta

232 524 399 574 Eripuit,
419 523 586 560 mulcens
606 522 729 568 dictis,
750 535 791 559 ac
810 522 903 559 talia
920 522 1043 559 fatur:

233 581 254 597 “
269 577 417 622 Infelix,
437 590 519 626 quae
538 577 648 613 tanta
666 575 835 612 animum
854 575 1044 612 dementia
1061 575 1160 625 cepit
1175 574 1192 613 P

233 630 324 668 Non
343 630 439 666 vires
459 629 548 666 alias
568 641 817 678 conversaque
836 628 992 664 numina
1011 627 1159 665 sentis?

233 683 332 721 Cede
351 682 459 720 deo.'’
516 682 698 731 Dixitque
717 684 767 728 et,
787 681 919 731 proelia
936 694 1026 718 voce
1046 681 1208 718 diremit.

233 737 307 773 Ast
327 736 434 773 illurn
454 735 519 772 fidi
540 735 711 785 aequales,
731 748 854 784 genua
873 748 972 784 aegra
989 734 1217 780 trahentem,

233 790 261 826 J
264 792 528 838 actantemque
547 790 707 838 utroque
725 790 850 837 caput,
869 800 1108 837 crassumque
1127 800 1296 825 cruorem

234 843 308 880 Ore
327 843 562 892 ejectantem,
582 841 794 890 mixtosque
812 841 852 878 in
871 840 1051 891 sanguine
1070 841 1212 887 dentes,

234 896 394 933 Ducunt
414 895 460 932 ad
478 908 613 940 naves;
641 894 860 945 galeamque
879 907 1078 943 ensemque
1097 893 1222 931 vocati

234 949 459 999 Accipiunt:
488 947 653 998 palmam
671 947 827 985 Entello
844 949 1070 997 taurumque
1088 946 1319 996 relinquunt.

235 1002 314 1039 Hic
333 1001 466 1048 victor,
485 1014 663 1051 superans
682 1001 828 1046 animis,
847 1002 1030 1050 tauroque
1049 1000 1253 1049 superbus:

235 1058 257 1074 ‘⁶
270 1055 373 1092 Nate
392 1055 471 1101 dea,
489 1067 630 1104 vosque
648 1053 766 1100 haec‚''
786 1053 924 1103 inquit,
943 1056 964 1072 ‘⁶
977 1053 1192 1103 cognoscite
1211 1051 1358 1098 Teucri,

235 1109 291 1145 Et
310 1108 406 1145 mihi
425 1120 508 1157 quae
527 1107 668 1144 fuerint
681 1107 848 1157 juvenali
866 1106 907 1143 in
926 1119 1078 1156 corpore
1096 1106 1206 1153 vires,

235 1161 292 1199 Et
311 1174 385 1211 qua
403 1161 558 1198 servetis
576 1162 795 1198 revocatum
814 1173 836 1197 a
853 1162 976 1197 morte
996 1159 1179 1196 Dareta.”

236 1214 358 1259 Dixit,
378 1216 417 1252 et
437 1213 582 1251 adversi
601 1216 732 1251 contra
750 1213 860 1250 stetit
879 1226 944 1250 ora
956 1212 1120 1263 juvenci,

237 1267 311 1314 Qui
330 1268 470 1304 donum
490 1266 666 1304 adstabat
683 1279 823 1317 pugnae
839 1282 847 1311 ;
875 1266 1061 1315 durosque
1080 1265 1236 1302 reducta

237 1320 411 1358 Libravit
430 1320 563 1357 dextra
580 1319 703 1357 media
720 1320 820 1356 inter
838 1332 977 1356 cornua
995 1320 1119 1355 cestus

236 1374 401 1419 Arduus,
420 1374 647 1423 effractoque
665 1373 771 1410 illisit
790 1372 830 1408 in
849 1385 931 1409 ossa
950 1371 1110 1409 cerebro.

238 1426 442 1472 Sternitur,
461 1426 715 1476 exanimisque
733 1428 898 1462 tremens
917 1424 1132 1474 procumbit
1150 1422 1258 1460 humi
1278 1423 1356 1460 bos.

239 1479 312 1516 Ille
331 1493 440 1529 super
458 1479 553 1516 tales
572 1479 731 1516 effundit
750 1480 900 1528 pectore
918 1491 1049 1515 voces:

239 1536 260 1552 “
275 1532 388 1570 Hanc
406 1532 489 1578 tibi,
510 1533 630 1582 Eryx,
649 1531 841 1569 meliorem
861 1530 1025 1568 animam
1042 1543 1110 1580 pro
1128 1530 1251 1567 morte
1271 1529 1424 1566 Daretis

239 1585 440 1624 Persolvo:
469 1585 530 1623 hic
549 1585 671 1622 victor
689 1587 813 1622 cestus
833 1586 1027 1634 artemque
1045 1582 1224 1633 repono.'’

297 2225 484 2262 Protenus
504 2223 642 2261 AEneas
663 2222 770 2260 celeri
790 2224 931 2260 certare
950 2221 1092 2271 sagitta

245 2278 404 2323 Invitat,
425 2277 488 2326 qui
507 2277 604 2314 forte
622 2276 752 2321 velint,
772 2278 811 2313 et
830 2275 982 2326 praemia
999 2275 1130 2324 ponit3

244 2331 473 2381 Ingentique
492 2343 607 2367 manu
626 2329 767 2366 malum
787 2329 831 2366 de
850 2342 944 2366 nave
964 2328 1103 2365 Seresti

244 2384 373 2434 Erigit
389 2400 396 2430 ;
425 2386 463 2421 et
482 2383 671 2420 volucrem
690 2382 848 2432 trajecto
866 2382 906 2418 in
925 2382 1013 2418 fune
1032 2380 1255 2427 columbam,

245 2437 329 2484 Quo
348 2436 509 2474 tendant
528 2437 678 2482 sermm,
701 2435 798 2472 malo
818 2434 1013 2484 suspendit
1033 2434 1079 2471 ab
1098 2434 1187 2472 alto.

246 2491 462 2528 Convenere
480 2489 562 2535 viri,
582 2489 839 2539 dejectamque
860 2501 956 2526 aerea
974 2489 1115 2525 sortem

245 2544 404 2593 Accepit
423 2542 549 2592 galea3
578 2545 616 2580 et
635 2542 777 2592 primus
797 2541 956 2578 clamore
975 2541 1136 2578 secundo

246 2596 468 2648 Hyrtacidae
487 2598 575 2634 ante
594 2609 722 2633 omnes
741 2595 818 2632 exit
837 2595 939 2632 locus
961 2592 1262 2644 Hippocoontis3
