1705 2744
621 71 809 98 AENEIDOS
829 71 912 97 LIB.
932 71 970 97 V.

165 168 297 206 Multa
315 181 406 206 cavo
424 166 535 205 lateri
552 165 802 217 ingeminant,
821 167 860 203 et
879 167 1030 215 pectore
1048 167 1177 201 vastos

165 222 273 259 Dant
293 221 461 259 sonitus:
491 222 664 269 erratque
683 232 788 257 aures
808 222 847 256 et
865 222 1038 268 tempora
1055 218 1195 255 circum

165 274 305 312 Crebra
323 288 456 311 manus
471 289 480 320 3
507 273 601 310 duro
620 272 808 322 crepitant
827 273 897 309 sub
915 272 1068 309 vulnere
1086 271 1207 308 malae.

166 328 254 365 Stat
271 327 397 378 gravis
416 326 603 372 Entellus,
622 325 781 375 nisuque
799 325 982 362 immotus
1002 325 1133 362 eodem

166 380 330 431 Corpore
349 381 425 418 tela
442 379 554 417 modo
574 381 688 429 atque
707 378 823 416 oculis
841 378 1087 428 vigilantibus
1107 377 1199 414 exit.

164 433 249 480 Ille,
268 434 374 471 velut
393 433 531 471 celsam
549 434 746 482 oppugnat
766 432 830 482 qui
848 431 1011 469 molibus
1030 431 1163 468 urbem

164 487 247 524 Aut
265 488 448 524 montana
466 486 570 524 sedet
589 485 730 523 circum
749 485 902 522 castella
920 485 989 522 sub
1009 484 1133 529 armis,

164 540 206 577 N
207 553 280 577 unc
300 540 381 586 hos,
400 553 500 577 nunc
518 539 601 576 illos
621 538 757 584 aditus,
777 551 1001 588 omnemque
1019 539 1186 588 pererrat

164 594 261 631 Arte
279 593 416 639 locum,
436 595 475 630 et
493 592 606 629 variis
626 591 828 629 assultibus
847 591 977 628 irritus
996 593 1118 641 urget.

166 646 346 684 Ostendit
365 646 538 683 dextram
555 645 752 695 insurgens
771 644 961 690 Entellus,
980 646 1019 681 et
1038 644 1114 681 alte

166 699 343 737 Extulit:
371 699 433 737 ille
451 699 573 736 ictum
590 698 807 736 venientem
826 711 847 735 a
864 697 1005 735 vertice
1024 697 1134 735 velox

165 752 361 799 Praevidit‚
381 752 563 802 celerique
582 752 728 802 elapsus
747 765 899 801 corpore
919 751 1043 788 cessit.

165 806 343 843 Entellus
363 806 460 842 vires
479 805 519 842 in
537 807 696 842 ventum
716 805 861 851 effudit,
882 807 920 842 et
938 804 1041 842 ultro

167 858 254 908 Ipse
273 859 398 909 gravis
418 858 658 908 graviterque
677 858 725 895 ad
742 860 882 895 terram
901 858 1064 907 pondere
1082 858 1191 893 vasto

167 911 365 950 Concidit:
394 915 439 949 ut
458 911 647 961 quondam
667 924 758 948 cava
776 911 940 948 concidit
960 914 1026 948 aut
1046 908 1300 961 Erpnantho,

165 966 248 1002 Aut
267 965 339 1002 Ida
356 965 396 1002 in
414 978 555 1015 magna
572 964 759 1002 radicibus
778 966 886 1002 eruta
905 964 1027 1014 pinus.

165 1018 411 1069 Consurgunt
430 1018 565 1055 studiis
585 1018 721 1055 Teucri
739 1020 778 1056 et
797 1018 991 1055 Trinacria
1008 1017 1124 1067 pubes
1140 1032 1147 1062 3

164 1071 206 1109 It
226 1071 365 1109 clamor
384 1071 499 1117 coelo3
527 1071 744 1122 primusque
762 1071 923 1108 accurrit
942 1072 1110 1115 Acestes,

164 1124 462 1175 AEquaevumque
481 1125 527 1162 ab
546 1125 664 1162 humo
682 1124 862 1162 miserans
882 1124 1026 1161 attollit
1045 1123 1219 1161 amicum.

164 1178 220 1216 At
239 1192 317 1216 non
335 1178 508 1216 tardatus
527 1191 616 1215 casu
634 1191 754 1228 neque
772 1178 929 1215 territus
948 1177 1058 1214 heros

163 1231 299 1269 Acrior
317 1232 365 1269 ad
383 1244 551 1282 pugnam
569 1231 679 1277 redit,
699 1244 740 1268 ac
760 1231 838 1268 vim
857 1231 1017 1268 suscitat
1035 1231 1112 1276 ira3

163 1284 264 1322 Tum
281 1285 401 1335 pudor
419 1284 588 1322 incendit
607 1284 703 1322 vires
723 1287 762 1322 et
781 1284 929 1322 conseia
946 1284 1090 1329 virtus3

166 1337 478 1389 Praecipitemque
497 1337 626 1375 Daren
645 1337 778 1375 ardens
799 1338 879 1388 agit
901 1351 1049 1388 aequore
1067 1339 1165 1383 toto,

164 1390 279 1429 Nunc
298 1391 431 1430 dextra
448 1391 685 1442 ingeminans
704 1391 815 1439 ictus,
834 1405 934 1428 nunc
953 1391 1015 1429 ille
1034 1391 1198 1428 sinistra.

1352 58 1429 95 205
