1705 2744
261 104 338 143 174
664 115 700 141 1³.
720 115 906 141 VIRGILII
924 115 1112 142 MARONIS

260 211 321 248 Tu
339 210 496 261 conjux3
523 209 595 247 tibi
614 209 668 246 fas
688 209 857 246 animum
874 211 1022 247 tentare
1041 210 1236 260 precando.

262 264 404 313 Perge3
432 262 602 312 scquar.”
659 263 759 299 Tum
778 262 830 300 sic
849 263 994 312 excepit
1013 263 1116 313 regia
1135 263 1162 300 J
1165 277 1261 301 uno:

261 320 281 336 “
295 317 445 354 Mecum
459 316 530 353 erit
544 315 616 353 iste
629 315 744 352 labor.
782 315 896 352 Nune
911 329 984 365 qua
997 316 1153 364 ratione,
1169 317 1269 366 quod
1282 316 1413 364 instat,

261 369 425 407 Confieri
442 368 573 419 possit,
592 368 731 418 paucis,
751 368 914 414 adverte,
934 369 1084 406 docebo.

260 422 452 460 Venatum
471 422 609 458 AEneas
628 434 775 471 unaque
794 421 1001 458 miserrima
1020 422 1121 459 Dido

261 475 310 512 In
328 489 460 512 nemus
479 475 532 511 ire
550 476 695 524 parant,
715 474 779 511 ubi
798 474 937 523 primos
958 475 1143 512 crastinus
1163 477 1268 512 ortus

260 528 454 565 Extulerit
474 528 601 573 Titan,
620 527 806 577 radiisque
824 527 1003 565 retexerit
1023 528 1163 565 orbem.

261 582 336 618 His
355 595 425 631 ego
444 580 659 630 nigrantem
678 580 883 617 commixta
901 580 1082 629 grandine
1101 580 1286 627 nimbum,

260 635 366 671 Dum
383 634 576 684 trepidant
595 633 674 679 alae,
693 633 885 683 saltusque
904 633 1079 682 indagine
1099 633 1270 684 cingunt,

260 687 431 737 Desuper
450 687 656 732 infundam,
676 688 715 723 et
733 686 880 723 tonitru
899 686 1035 723 coelum
1054 700 1164 724 omne
1183 687 1298 724 ciebo.

260 740 475 789 Diffugient
494 740 661 785 comites,
681 741 720 776 et
738 741 849 777 nocte
867 741 1047 789 tegentur
1066 753 1202 789 opaca:

260 793 484 842 Speluncam
504 793 605 830 Dido
625 793 700 829 dux
719 795 757 830 et
777 792 960 843 Trojanus
981 793 1137 830 eandem

260 846 485 883 Devenient.
539 846 676 891 Adero,
696 847 746 891 et,
765 847 833 882 tua
851 846 882 883 si
900 846 994 882 mihi
1015 848 1117 883 certa
1134 845 1323 893 voluntas,

260 899 457 937 Connubio
470 899 630 949 jungam
649 898 775 936 stabili
793 899 1054 949 propriamque
1074 899 1216 936 dicabo.

257 2013 334 2050 Hic
353 2013 587 2063 Hymenaeus
605 2012 716 2049 erit.’'
773 2012 814 2049 N
816 2025 865 2049 on
883 2012 1079 2049 adversata
1097 2010 1244 2061 petenti

256 2066 416 2111 Annuit,
436 2068 548 2114 atque
568 2065 661 2102 dolis
681 2065 765 2102 risit
784 2064 974 2115 Cytherea
991 2064 1159 2114 repertis.

310 2119 500 2156 Oceanum
518 2118 662 2154 interea
680 2131 836 2167 surgens
855 2118 1003 2154 Aurora
1021 2116 1212 2166 relinquit.

256 2172 298 2209 It
317 2171 448 2222 portis,
461 2171 594 2222 jubare
613 2172 754 2216 exorto,
774 2170 919 2207 delecta
931 2170 1137 2220 juventus:

256 2225 372 2263 Retia
389 2238 482 2270 rara,
501 2223 631 2273 plagae,
650 2223 729 2260 lato
747 2223 931 2260 venabula
948 2222 1056 2268 ferro,

256 2278 486 2328 Massylique
504 2278 621 2313 ruunt
640 2275 796 2325 equites,
815 2279 854 2312 et
873 2275 987 2312 odora
1005 2288 1140 2313 canum
1159 2274 1228 2311 vis.

256 2331 445 2381 Reginam
463 2329 631 2367 thalamo
650 2330 894 2366 cunctantem
912 2328 960 2365 ad
977 2328 1109 2365 limina
1126 2327 1240 2378 primi

255 2385 462 2422 Poenorum
481 2384 722 2433 exspectant3
750 2384 927 2432 ostroque
945 2381 1104 2431 insignis
1124 2383 1163 2418 et
1182 2393 1276 2418 auro

256 2438 344 2476 Stat
363 2436 521 2487 sonipes,
541 2449 583 2473 ac
601 2435 706 2472 frena
723 2434 827 2472 ferox
846 2435 1062 2484 spumantia
1079 2434 1240 2472 mandit.

255 2490 426 2529 Tandem
443 2488 694 2540 progreditur,
713 2500 852 2538 magna
869 2487 1035 2537 stipante
1055 2489 1216 2533 caterva,

255 2544 449 2582 Sidoniam
466 2542 568 2592 picto
588 2541 827 2591 chlamydem
845 2540 1076 2579 circumdata
1094 2540 1235 2578 limbo:

256 2597 328 2635 Cui
345 2597 522 2649 pharetra
539 2608 584 2634 ex
602 2607 704 2643 auro,
722 2593 842 2633 crines
859 2594 1050 2633 nodantur
1067 2594 1108 2631 in
1127 2605 1273 2638 aurum,

1652 2716 1691 2744 n
