1705 2744
10 0 25 68 -sd

195 1596 465 1634 00ananOE
486 1610 628 1643 omnes,
646 1596 861 1647 intentique
881 1610 945 1634 ora
963 1596 1157 1634 tenebant.

196 1649 294 1687 Inde
312 1652 397 1687 toro
415 1652 524 1700 pater
542 1651 682 1688 AEneas
702 1651 754 1687 sic
774 1664 880 1688 orsus
900 1651 946 1688 ab
966 1650 1065 1687 alto:

248 1706 269 1722 “
283 1703 502 1750 Infandum,
521 1703 682 1754 Regina,
696 1704 806 1754 jubes
825 1717 1004 1741 renovare
1023 1703 1202 1748 dolorem,

194 1755 377 1806 Trojanas
395 1759 441 1794 ut
461 1770 549 1807 opes
568 1759 607 1794 et
625 1757 870 1795 lamentabile
889 1770 1051 1807 regnum

193 1809 378 1847 Eruerint
398 1809 545 1857 Danai3
575 1824 730 1860 quaeque
747 1810 827 1860 ipse
845 1810 1056 1848 miserrima
1073 1809 1163 1855 vidi,

194 1862 250 1900 Et
271 1876 429 1913 quorum
450 1877 536 1914 pars
554 1877 695 1914 magna
711 1863 778 1901 fui.
835 1863 928 1910 Quis
946 1863 1040 1900 talia
1057 1862 1171 1900 fando

194 1915 498 1967 Myrmidonum,
518 1917 770 1967 Dolopumve,
790 1919 857 1954 aut
876 1916 961 1954 duri
978 1916 1086 1954 miles
1106 1915 1223 1962 Ulixi,

194 1969 397 2020 Temperet
417 1984 438 2008 a
455 1970 640 2008 lacrimis!
669 1973 708 2008 et
721 1970 803 2021 jam
822 1984 897 2008 nox
915 1969 1072 2007 humida
1090 1970 1184 2007 coelo

194 2022 427 2074 Praecipitat,
447 2024 681 2074 suadentque
701 2024 874 2061 cadentia
893 2024 1014 2061 sidera
1032 2036 1195 2061 somnos.

195 2076 269 2114 Sed
288 2077 320 2114 si
337 2079 471 2114 tantus
491 2091 596 2116 amor
616 2091 722 2115 casus
743 2090 966 2128 cognoscere
985 2078 1147 2123 nostros,

194 2129 250 2167 Et
269 2130 435 2168 breviter
453 2131 579 2182 Trojae
600 2143 820 2181 supremum
839 2131 967 2168 audire
984 2130 1163 2176 laborem,

195 2183 421 2234 Quanquam
439 2185 587 2222 animus
606 2184 822 2222 meminisse
840 2184 970 2222 horret
988 2184 1170 2234 luctuque
1187 2182 1342 2233 refugit,

195 2236 393 2287 Incipiam.
450 2238 581 2276 Fracti
597 2238 696 2276 bello
714 2238 877 2288 fatisque
894 2237 1035 2288 repulsi

195 2289 384 2329 Ductores
403 2291 594 2338 Danaum,
612 2294 675 2330 tot
688 2292 771 2342 jam
788 2291 1004 2329 labentibus
1024 2289 1144 2337 annis,

195 2343 326 2381 Instar
343 2345 486 2383 montis
505 2359 645 2396 equum
664 2345 791 2382 divina
810 2345 976 2382 Palladis
995 2346 1076 2382 arte

196 2396 414 2445 AEdificant‚
434 2401 610 2450 sectaque
627 2399 807 2436 intexunt
826 2399 948 2436 abiete
968 2399 1104 2436 costas

196 2449 343 2488 Votum
360 2465 428 2502 pro
445 2453 572 2490 reditu
590 2452 794 2499 simulant3
822 2466 865 2490 ea
884 2452 984 2489 fama
1001 2452 1175 2502 vagatur.

196 2502 288 2541 Huc
307 2504 451 2543 delecta
467 2506 593 2543 virum
611 2505 739 2543 sortiti
758 2519 914 2556 corpora
931 2505 1066 2542 furtim

198 2555 409 2596 Includunt
428 2572 524 2597 caeco
543 2559 665 2605 lateri,
683 2559 911 2609 penitusque
930 2571 1107 2596 cavernas

199 2607 382 2660 Ingentes
400 2614 627 2664 uterumque
646 2615 792 2650 armato
811 2612 934 2650 milite
953 2611 1156 2662 complent.
