1674 2775
216 128 292 166 342
622 135 657 161 P.
677 133 863 161 VIRGILII
882 133 1070 161 MARONIS

219 232 297 270 Sub
315 230 487 281 precibus
505 229 615 267 venia
633 228 710 266 ulla
727 229 834 275 latet,
853 230 1054 277 totumque
1073 228 1215 266 moveri

218 284 408 322 Mutarive
426 286 537 333 putas
556 282 696 319 bellum
714 298 720 319 :
751 295 833 331 spes
852 281 972 331 pascis
991 281 1158 318 inanes.''

219 338 275 375 Et
294 337 321 374 J
325 350 398 374 uno
418 336 653 373 allacrimans
670 351 677 372 :
708 334 842 380 “Quid
861 335 903 380 si,
924 334 1023 383 quod
1041 347 1131 371 voce
1150 333 1328 384 gravariS,

219 391 354 428 Mente
374 390 479 426 dares
496 405 503 434 ;
532 392 645 437 atque
664 388 745 424 haec
765 387 894 424 Turno
913 390 996 424 rata
1014 387 1095 424 vita
1114 390 1282 424 maneret
1297 387 1315 424 Ρ

219 444 336 480 Nunc
354 445 484 480 manet
503 442 691 478 insontem
711 440 836 490 gravis
856 440 1002 477 exitus:
1031 442 1098 477 aut
1117 453 1186 489 ego
1206 440 1285 477 veri

219 497 328 534 Vana
346 496 454 533 feror.
510 495 620 541 Quod
639 497 683 530 ut
702 507 723 530 o
743 493 869 543 potius
888 492 1085 530 formidine
1104 493 1198 529 falsa

218 549 358 594 Ludar‚
378 551 416 585 et
435 548 473 585 in
493 548 626 584 melius
645 549 723 591 tua,
743 546 807 595 qui
826 548 945 596 potes,
964 559 1048 583 orsa
1064 546 1232 583 reflectas
1246 545 1253 582 ἱ
1268 545 1291 560 ”

219 602 315 640 Haec
334 602 400 639 ubi
419 602 521 638 dicta
539 600 654 645 dedit,
674 599 768 637 coelo
787 612 825 636 se
844 601 1022 648 protenus
1043 599 1119 636 alto

219 656 343 701 Misit,
363 667 477 704 agens
496 654 659 690 hiemem
679 653 807 689 nimbo
828 651 1018 689 succincta
1036 665 1101 701 per
1120 665 1228 688 auras
1245 668 1253 698 ;

219 708 448 758 Iliacamque
468 707 583 744 aciem
603 709 641 743 et
661 705 867 742 Laurentia
884 706 1007 742 castra
1024 704 1172 754 petivit.

220 762 322 798 Tum
341 761 409 798 dea
426 761 526 797 nube
545 773 636 797 cava
652 761 807 795 tenuem
827 758 906 795 sine
924 757 1066 794 viribus
1086 758 1259 795 umbram

220 814 270 851 In
288 814 421 852 faciem
440 813 582 858 AEneae,
603 812 687 848 visu
704 811 873 849 mirabile
891 813 1116 857 monstrum,

219 867 422 904 Dardaniis
441 869 551 904 ornat
569 865 655 902 telis
672 881 680 910 ς
708 864 940 914 clipeumque
954 864 1139 914 jubasque

220 920 354 958 Divini
373 919 568 957 assimulat
587 918 719 968 capitis
734 934 742 963 3
771 918 837 954 dat
854 917 981 953 inania
998 917 1112 954 verba
1129 933 1136 962 ;

221 973 302 1011 Dat
321 973 400 1010 sine
419 975 547 1010 mente
566 984 712 1016 sonum,
731 983 952 1020 gressusque
971 969 1117 1019 effingit
1136 968 1282 1007 euntis:

222 1027 352 1064 Morte
371 1026 477 1063 obita
495 1025 622 1074 quales
642 1024 742 1061 fama
760 1026 818 1061 est
836 1023 994 1060 volitare
1014 1023 1166 1073 figuras,

222 1081 306 1117 Aut
325 1092 408 1128 quae
427 1079 568 1128 sopitos
588 1077 773 1114 deludunt
792 1076 938 1114 somnia
955 1089 1096 1113 sensus.

223 1134 280 1170 At
297 1132 437 1182 primas
455 1132 543 1168 laeta
562 1133 649 1168 ante
669 1130 764 1167 acies
784 1129 948 1167 exsultat
966 1129 1105 1179 imago,

224 1186 434 1234 Irritatque
452 1185 576 1221 virum
594 1183 692 1229 telis,
711 1186 751 1220 et
768 1196 859 1220 voce
877 1182 1035 1219 lasessit.

224 1239 354 1276 Instat
373 1239 434 1276 cui
452 1238 615 1283 Turnus,
635 1235 931 1284 stridentemque
950 1235 1095 1272 eminus
1113 1234 1264 1271 hastam

225 1291 388 1343 Conjicit
405 1307 413 1338 ;
440 1291 504 1327 illa
522 1291 611 1327 dato
629 1289 746 1326 vertit
764 1288 925 1338 vestigia
942 1290 1062 1337 tergo.

224 1345 323 1382 Tum
340 1357 428 1382 vero
447 1343 594 1381 AEnean
614 1355 785 1379 aversum
803 1343 848 1378 ut
867 1340 995 1378 cedere
1015 1340 1166 1377 Turnus

225 1397 407 1443 Credidit,
428 1399 540 1446 atque
559 1396 683 1433 animo
703 1408 805 1444 spem
820 1393 994 1431 turbidus
1012 1393 1140 1430 hausit
1158 1391 1308 1429 inanem
1325 1407 1333 1428 :

225 1454 247 1470 “
261 1451 344 1497 Quo
362 1450 475 1500 sugis,
494 1449 615 1486 AEnea
631 1448 648 1486 ‘i'
676 1448 864 1485 thalamos
884 1460 930 1484 ne
949 1446 1074 1483 desere
1093 1447 1222 1495 pactos
1239 1461 1246 1482 z

226 1504 314 1541 Hac
333 1503 485 1540 dabitur
504 1503 635 1539 dextra
652 1501 766 1538 tellus
786 1499 944 1548 quaesita
961 1513 1026 1549 per
1044 1498 1202 1535 undas.’'

226 1556 335 1594 Talia
352 1556 558 1593 vociferans
578 1554 758 1602 sequitur,
778 1552 1028 1600 strictumque
1047 1552 1218 1589 coruscat

226 1609 474 1654 Mucronem3
502 1621 570 1645 nec
589 1607 684 1644 ferre
702 1606 806 1643 videt
826 1618 893 1641 sua
910 1604 1048 1654 gaudia
1065 1606 1212 1641 ventos.

227 1663 346 1700 Forte
363 1662 456 1699 ratis
475 1661 563 1698 celsi
582 1659 783 1709 conjuncta
801 1657 987 1707 crepidine
1006 1657 1085 1694 saxi

227 1715 423 1766 Expositis
443 1714 570 1751 stabat
589 1713 708 1758 scalis,
727 1715 766 1749 et
784 1714 901 1761 ponte
918 1712 1050 1760 parato
1068 1726 1076 1756 ;

227 1769 312 1815 Qua
328 1781 394 1805 rex
413 1767 576 1804 Clusinis
595 1766 769 1803 advectus
789 1764 941 1801 Osinius
959 1763 1045 1800 oris.

227 1821 320 1859 Huc
340 1834 418 1858 sese
435 1820 584 1870 trepida
601 1819 729 1856 AEneae
744 1817 925 1867 fugientis
942 1817 1068 1866 imago

229 1874 393 1924 Conjicit
411 1874 452 1910 in
469 1873 632 1910 latebras
647 1888 655 1918 3
683 1884 752 1908 nec
770 1871 922 1907 Turnus
941 1869 1090 1919 segnior
1105 1867 1226 1905 instat
1243 1883 1251 1914 ;

227 1927 515 1977 Exsuperatque
533 1938 669 1970 moraS,
688 1926 727 1961 et
745 1926 880 1973 pontes
898 1923 1064 1960 transilit
1082 1921 1190 1958 altos.

228 1980 305 2018 Vix
321 1993 473 2030 proram
491 1979 695 2028 attigerat:
723 1976 867 2026 rumpit
887 1975 1063 2013 Saturnia
1081 1974 1222 2020 funem,

228 2034 485 2082 Avulsamque
503 2031 602 2081 rapit
620 2030 792 2068 revoluta
808 2042 874 2079 per
892 2042 1040 2078 aequora
1055 2040 1202 2064 navem.

230 2086 347 2123 Illum
366 2088 493 2123 autem
508 2085 647 2121 AEneas
666 2084 861 2120 absentem
878 2082 916 2119 in
935 2081 1066 2131 proelia
1082 2079 1204 2130 poscit
1220 2095 1228 2125 3

232 2139 354 2176 Obvia
371 2139 495 2175 multa
513 2137 637 2174 virum
655 2136 827 2173 demittit
846 2148 1001 2184 corpora
1017 2133 1143 2171 morti.

233 2192 334 2229 Tum
351 2192 442 2228 levis
461 2190 563 2228 haud
581 2189 681 2227 ultra
698 2189 860 2226 latebras
873 2188 954 2238 jam
974 2187 1108 2236 quaerit
1125 2185 1263 2234 imago,

233 2245 308 2282 Sed
326 2245 484 2282 sublime
502 2243 632 2280 volans
651 2242 743 2278 nubi
762 2254 800 2278 se
818 2240 1025 2277 immiscuit
1044 2242 1138 2276 atrae
1153 2254 1161 2275 :

233 2298 360 2344 Quum
380 2297 553 2334 Turnum
570 2295 694 2333 medio
711 2294 855 2331 interea
873 2293 947 2330 fert
965 2304 1111 2342 aequore
1129 2290 1254 2328 turbo.

232 2350 406 2400 Respicit
423 2350 577 2400 ignarus
595 2361 732 2393 rerum,
750 2347 996 2396 ingratusque
1015 2344 1158 2389 salutis,

233 2404 290 2441 Et
308 2403 474 2453 duplices
494 2415 579 2440 cum
597 2414 688 2439 voce
707 2413 840 2437 manus
860 2399 907 2435 ad
926 2398 1046 2435 sidera
1064 2396 1212 2434 tendit:

234 2459 255 2476 “
271 2456 520 2506 Omnipotens
540 2455 700 2505 genitor,
719 2452 868 2490 tanton’
890 2464 950 2489 me
969 2450 1124 2489 crimine
1143 2449 1304 2499 dignum

236 2509 405 2555 Duxisti,
424 2512 463 2546 et
481 2509 578 2546 tales
597 2507 751 2544 voluisti
770 2504 976 2555 expendere
994 2517 1123 2554 poenas
1138 2502 1155 2540 P

235 2563 319 2609 Quo
337 2561 468 2601 feror?
488 2562 587 2599 unde
606 2561 680 2598 abii
696 2559 713 2598 ⁵?
734 2571 817 2609 quae
836 2571 896 2595 me
915 2558 1016 2607 fuga,
1036 2568 1194 2606 quemve
1213 2551 1398 2591 reducet?

234 2615 484 2654 Laurentisne
502 2615 642 2652 iterum
659 2626 787 2650 muros
806 2613 872 2649 aut
892 2614 1015 2648 castra
1030 2609 1165 2647 videbo
1183 2606 1201 2646 Ρ

1563 2597 1636 2775 3
