1705 2744
635 70 824 100 AENEIDOS
843 70 927 97 LIB.
947 71 977 98 Ι.
1363 67 1441 104 109

174 168 293 206 Η11110
310 170 357 205 1311
374 167 466 206 olim
484 166 588 214 coelo,
608 167 735 217 spoliis
755 166 922 205 Orientis
942 169 1134 214 onustum,

173 222 346 272 Accipies
365 234 514 267 secura3
542 220 740 258 vocabitur
757 220 820 258 hic
840 233 988 270 quoque
1006 220 1119 258 votis.

173 276 319 325 Aspera
336 277 422 312 tum
440 274 574 324 positis
593 274 795 311 mitescent
815 273 949 311 saecula
967 273 1096 319 bellis3

174 327 278 365 Cana
296 328 410 366 Fides
430 330 469 365 et
487 327 617 373 Vesta,
636 326 760 365 Remo
779 340 866 365 cum
884 327 1001 364 fratre
1021 327 1200 373 Quirinus

172 381 201 418 ‚J
203 395 271 419 ura
289 382 434 419 dabunt
451 397 459 427 3
488 380 578 418 dirae
596 380 694 419 ferro
714 382 753 418 et
772 380 1016 430 compagibus
1036 381 1149 418 arctis

173 434 407 472 Claudentur
425 434 514 472 beHi
531 436 650 484 portae
665 450 673 480 3
702 434 826 472 Furor
842 433 983 484 impius
1001 433 1120 481 intus,

172 488 279 525 Saeva
297 488 428 526 sedens
447 501 558 538 super
576 501 690 534 arma,
710 490 749 525 et
769 489 923 525 centum
941 487 1093 524 vinctus
1112 486 1241 525 ahenis

171 540 267 579 Post
286 544 439 592 tergum
457 541 577 587 nodis,
596 540 733 578 fremet
750 540 925 579 horridus
945 553 1008 578 ore
1027 542 1223 578 cruento.'’

224 595 324 632 Haec
343 595 418 632 ait:
448 597 487 632 et
505 594 607 632 Maia
624 594 798 645 genitum
817 593 990 632 demittit
1007 593 1054 631 ab
1073 593 1162 640 alto,

171 647 229 685 Ut
247 650 367 695 terrae,
386 650 506 698 utque
523 661 634 685 novae
653 649 811 698 pateant
831 646 1075 697 Carthaginis
1096 660 1198 685 arces

170 700 352 751 Hospitio
371 701 536 748 Teucris,
555 714 603 738 ne
620 701 692 738 fati
708 701 833 738 nescia
850 700 953 738 Dido

170 754 330 792 Finibus
350 758 503 793 arceret.
558 754 674 792 Volat
691 754 754 791 ille
772 767 839 804 per
858 756 946 791 ae‘ra
962 766 1147 804 magnum

169 806 347 858 Remigio
367 808 521 853 alarum,
542 821 584 845 30
603 807 736 858 Libyae
755 808 853 845 citus
873 806 1025 844 adstitit
1045 807 1132 845 oris.

168 860 224 898 Et
237 861 319 912 jam
331 861 437 912 jussa
454 861 568 907 facit3
595 863 818 911 ponuntque
836 860 973 898 ferocia
992 860 1103 897 Poeni

169 913 303 961 Corda,
322 915 473 952 voIente
492 914 581 960 deo;
611 914 652 951 in
669 914 801 964 primis
820 914 951 964 regina
969 913 1142 964 quietum

168 968 320 1018 Accipit
338 968 378 1005 in
397 968 561 1005 Teucros
581 967 751 1004 animum
769 970 1012 1017 mentemque
1031 967 1247 1018 benignam.

219 1021 276 1058 At
295 1021 378 1071 pius
398 1021 537 1058 AEneas
556 1034 622 1071 per
640 1022 793 1058 noctem
811 1020 976 1071 plurima
994 1021 1160 1068 volvens,

167 1073 226 1111 Ut
243 1074 409 1124 primum
426 1074 492 1111 lux
511 1074 611 1111 alma
629 1074 719 1112 data
737 1077 806 1120 est,
827 1074 926 1112 exire
943 1074 1120 1124 locosque

167 1127 374 1177 Explorare
392 1141 521 1174 nOVOS,
542 1141 633 1178 quas
652 1129 767 1165 vento
786 1127 983 1165 accesserit
1002 1140 1097 1173 oras,

168 1180 242 1227 Qui
259 1182 429 1228 teneant,
448 1195 537 1218 nam
554 1181 700 1219 inculta
717 1180 834 1227 videt,
853 1180 1074 1218 hominesne
1094 1181 1240 1227 feraene,

167 1233 339 1280 Quaerere
359 1235 571 1281 constituit,
591 1234 774 1285 sociisque
793 1237 926 1272 exacta
943 1233 1092 1272 referre.

167 1287 333 1325 Classem
351 1288 391 1325 in
410 1301 575 1326 convexo
594 1301 794 1326 nemorum
812 1288 883 1325 sub
900 1301 993 1338 rupe
1012 1289 1145 1325 cavata

166 1341 374 1379 Arboribus
394 1342 559 1379 clausam
577 1341 718 1379 circum
737 1343 851 1391 atque
869 1341 1112 1379 horrentibus
1130 1341 1275 1379 umbris

167 1393 337 1433 Occulit:
365 1395 444 1445 ipse
462 1409 539 1433 uno
558 1395 732 1446 graditur
753 1395 958 1432 comitatus
977 1394 1138 1441 Achate,

165 1446 265 1485 Bina
282 1461 398 1485 manu
415 1448 494 1486 lato
513 1449 680 1499 crispans
699 1448 853 1486 hastilia
871 1448 981 1486 ferro.

5 1500 39 1545 ’7
89 1498 238 1537 acui
255 1504 377 1539 mater
395 1502 519 1539 media
537 1515 616 1540 sese
635 1502 728 1539 tulit
747 1502 859 1539 obvia
877 1501 982 1547 silva,

166 1552 333 1603 Virginis
353 1569 393 1592 os
411 1555 660 1606 habitumque
678 1569 811 1605 gerens
831 1557 870 1592 et
888 1554 1047 1605 virginis
1066 1568 1170 1592 arma

165 1605 370 1656 Spartanae,
389 1609 450 1645 vel
468 1608 588 1658 qualis
607 1622 722 1658 equos
741 1608 922 1645 Threissa
940 1608 1080 1657 fatigat

164 1659 392 1710 Harpalyce,
410 1661 674 1711 volucremque
692 1662 783 1712 fuga
800 1661 1045 1711 praevertitur
1063 1674 1208 1698 eurum.

163 1712 340 1763 Namque
358 1714 524 1752 humeris
544 1715 589 1752 de
607 1727 711 1752 more
729 1714 895 1752 habilem
914 1714 1159 1764 suspenderat
1179 1727 1307 1751 arcum

166 1766 360 1813 venatrix,
380 1767 606 1818 dederatque
625 1781 772 1805 comam
791 1767 1000 1805 diffundere
1017 1767 1155 1814 ventis,

164 1819 281 1857 Nuda
299 1834 410 1870 genu,
432 1821 605 1871 nodoque
624 1821 727 1858 sinus
747 1820 904 1859 collecta
921 1821 1093 1858 fluentes.

162 1873 220 1910 Ac
239 1873 352 1922 prior,
372 1877 393 1893 “
406 1874 555 1920 Heus,’'
575 1874 713 1924 inquit,
733 1877 754 1893 “
763 1874 933 1924 juvenes,
952 1875 1163 1911 monstrate
1181 1887 1352 1911 mearum

162 1925 323 1964 Vidistis
342 1927 374 1964 si
392 1941 506 1978 quam
524 1927 586 1965 hic
605 1929 794 1965 errantem
812 1927 910 1965 forte
929 1941 1109 1974 sororum,

163 1978 403 2018 Succinctam
420 1980 599 2030 pharetra
617 1983 656 2018 et
674 1980 875 2018 maculosae
893 1980 1063 2031 tegmine
1081 1980 1215 2031 lynciS‚

120 2071 123 2075 ⁴
161 2033 243 2070 Aut
262 2034 474 2083 spumantis
493 2034 574 2084 apri
593 2047 744 2071 cursum
763 2034 924 2072 clamore
941 2034 1215 2084 prementem.”

215 2086 276 2124 Sic
294 2087 424 2125 Venus
441 2104 449 2133 3
477 2089 516 2125 et
535 2087 692 2125 Veneris
711 2089 844 2125 contra
862 2087 915 2125 sic
934 2087 1034 2124 filius
1054 2100 1180 2125 orsus:

163 2142 183 2159 “
199 2139 317 2177 Nulla
334 2143 488 2178 tuarum
507 2141 638 2179 audita
655 2141 751 2178 mihi
769 2154 889 2191 neque
908 2141 989 2178 visa
1007 2154 1190 2185 sororum,

162 2192 362 2243 O—quam
380 2196 420 2232 te
438 2194 804 2245 memorem—virgo
820 2193 837 2233 P
864 2207 1027 2244 namque
1044 2194 1148 2232 haud
1164 2194 1239 2231 tibi
1256 2193 1385 2232 vultus

161 2245 351 2293 Mortalis,
369 2261 438 2286 1100
456 2261 530 2285 vox
547 2247 743 2286 hominem
761 2249 883 2285 sonat.
939 2248 972 2285 O
992 2248 1062 2286 dea
1079 2249 1203 2285 certe:

161 2299 224 2336 An
242 2299 380 2338 Phoebi
398 2300 534 2340 soror?
562 2315 611 2339 an
628 2301 887 2352 nympharum
906 2301 1100 2352 sanguinis
1118 2299 1228 2339 una?

163 2351 220 2389 Sis
237 2352 336 2400 felix,
355 2357 603 2405 nostrumque
620 2355 732 2402 leves,
751 2367 1009 2405 quaecumque,
1026 2354 1205 2401 laborem,

162 2404 218 2442 Et
236 2419 309 2456 quo
329 2408 398 2445 sub
417 2408 511 2446 coelo
529 2408 697 2456 tandem,
717 2408 853 2459 quibus
872 2407 972 2446 orbis
990 2407 1032 2445 in
1050 2407 1124 2445 oris

163 2457 370 2507 Jactemur,
389 2461 533 2499 doceas.
587 2461 721 2512 Ignari
736 2461 1010 2511 hominumque
1027 2460 1270 2511 locorumque

163 2510 355 2559 Erramus,
373 2517 488 2553 vento
506 2515 583 2553 huc
601 2517 641 2553 et
658 2515 777 2553 vastis
796 2515 975 2552 fiuctibus
994 2515 1082 2552 acti.

164 2563 293 2603 Multa
308 2566 381 2605 tibi
399 2569 487 2606 ante
506 2582 587 2607 aras
605 2570 738 2608 nostra
755 2568 865 2606 cadet
882 2567 1011 2606 hostia
1029 2567 1222 2627 dexssraj-J„
