1705 2744
646 101 835 128 AEmzrnos
855 101 938 127 ΠΒ.
959 101 1016 128 1v.
1387 95 1463 132 181

199 196 303 234 Nam
322 196 414 246 quid
432 196 626 234 dissimulo
641 195 658 234 Ρ
687 198 754 233 aut
774 209 858 246 quae
876 209 937 233 me
956 196 1004 233 ad
1022 196 1164 247 majora
1181 210 1328 235 reservo
1343 197 1360 236 ⁶?

199 250 309 287 Num
326 250 421 287 fietu
439 250 628 300 ingemuit
647 251 777 287 nostro
793 249 809 287 ἲ
838 262 933 286 num
950 249 1097 286 lumina
1114 250 1219 287 flexit
1234 250 1251 288 ’.Ρ

199 303 308 339 Num
322 303 493 340 lacrimas
508 302 633 339 victus
648 302 763 346 dedit,
777 304 844 339 aut
858 302 1059 339 miseratus
1075 306 1265 340 amantem
1282 305 1339 340 est
1355 303 1371 341 Ῥ

199 356 295 402 Quae
315 356 451 405 quibus
471 355 709 393 anteferam?
738 355 765 392 J
768 369 830 392 am
842 355 924 405 jam
942 368 1010 392 neo
1029 356 1195 393 maxima
1214 356 1240 393 J
1244 370 1331 403 uno,

198 408 282 446 Nee
302 408 503 446 Saturnius
522 409 606 446 haee
625 408 744 446 oeulis
762 411 871 458 pater
889 408 1024 458 aspicit
1043 409 1172 458 aequis.

197 461 402 511 Nusquam
420 463 508 499 tuta
526 462 630 499 fides.
686 461 866 512 Ejectum
884 461 1006 507 litore,
1027 465 1202 512 egentem

198 514 354 564 Excepi,
374 517 412 552 et
430 515 537 565 regni
556 515 709 552 demens
728 515 768 552 in
787 517 894 565 parte
912 514 1054 560 loeavi3

197 568 390 605 Amissam
410 568 576 614 classem,
597 568 716 605 socios
736 582 758 605 a
775 569 898 605 morte
916 568 1062 605 reduxi.

198 621 291 658 Heu
309 621 416 658 furiis
435 621 586 659 incensa
603 621 722 658 feror!
777 621 893 658 Nunc
913 634 1036 670 augur
1054 621 1203 671 Apollo,

197 674 239 711 N
241 687 315 711 unc
334 674 463 725 Lyeiae
482 676 612 720 sortes,
632 687 733 711 nune
752 676 790 711 et
810 674 908 711 Jove
927 674 1064 711 missus
1085 675 1131 712 ab
1150 675 1230 725 ipso

198 726 392 777 Interpres
412 728 543 764 divum
562 728 636 765 fert
655 727 807 764 horrida
819 727 926 777 jussa
944 741 1009 777 per
1029 741 1149 765 auras.

197 780 349 817 Scilicet
367 780 398 817 is
418 780 561 830 superis
579 781 684 818 labor
703 782 783 827 est3
812 793 854 817 ea
873 794 962 817 eura
981 780 1129 830 quietos

197 832 398 871 Sollicitat.
454 834 589 883 Neque
607 835 647 871 te
665 836 788 880 teneo,
808 847 929 883 neque
948 834 1050 870 dieta
1068 834 1207 872 refello.

196 885 231 933 I,
251 899 404 936 sequere
424 886 578 924 Italiam
596 887 721 924 ventis
738 903 745 933 ;
773 889 860 936 pete
879 900 996 937 regna
1013 900 1079 937 per
1098 888 1229 925 undas.

197 938 313 989 Spero
332 939 506 989 equidem
524 939 669 986 mediis,
689 940 721 976 si
741 940 833 989 quid
850 939 912 989 pia
930 940 1089 977 numina
1107 943 1278 990 possunt,

197 991 388 1042 Supplicia
405 993 616 1030 hausurum
635 993 809 1043 scopulis,
828 996 867 1030 et
885 994 1037 1031 nomine
1056 993 1158 1032 Dido

196 1045 303 1095 Saepe
321 1048 558 1083 vocaturum.
615 1046 757 1095 Sequar
776 1046 867 1083 atris
886 1046 1040 1096 ignibus
1059 1047 1214 1094 absens;

196 1098 263 1145 Et,
284 1112 403 1148 quum
421 1099 559 1149 frigida
576 1113 677 1136 mors
697 1099 822 1137 anima
841 1100 1031 1137 seduxerit
1051 1103 1169 1147 artus,

197 1151 383 1189 Omnibus
402 1153 538 1190 umbra
554 1153 645 1190 locis
665 1153 787 1190 adero.
842 1153 975 1197 Dabis,
996 1153 1176 1203 improbe,
1196 1167 1326 1204 poenas
1342 1170 1349 1201 3

195 1205 373 1252 Audiam,
393 1207 432 1243 et
451 1205 532 1243 haee
551 1219 680 1243 manes
699 1206 826 1243 veniet
845 1206 941 1243 mihi
959 1207 1060 1244 fama
1079 1207 1149 1245 sub
1167 1207 1305 1244 imos.’'

195 1257 271 1295 His
289 1258 459 1296 medium
478 1259 589 1296 dietis
608 1273 820 1297 sermonem
840 1260 1045 1309 abrumpit,
1065 1262 1104 1298 et
1124 1274 1232 1298 auras

194 1310 316 1361 AEgra
332 1312 446 1362 fugit,
466 1325 579 1362 seque
598 1326 643 1350 ex
662 1313 779 1350 oculis
799 1312 938 1350 avertit
958 1317 996 1350 et
1016 1314 1151 1361 aufert,

194 1363 389 1413 Linquens
408 1365 532 1403 multa
550 1368 658 1403 metu
677 1368 922 1403 cunctantem
941 1368 980 1404 et
999 1367 1124 1404 multa
1141 1369 1340 1417 parantem

194 1416 342 1455 Dicere.
361 1461 365 1462 ⁷
398 1418 619 1468 Suscipiunt
638 1419 801 1466 famulae,
821 1420 1057 1470 collapsaque
1076 1421 1246 1458 membra

195 1469 412 1509 Marmoreo
431 1472 599 1510 referunt
618 1472 798 1519 thalamo,
819 1473 1024 1522 stratisque
1042 1476 1257 1524 reponunt„

247 1523 304 1560 At
321 1523 406 1573 pius
426 1524 576 1572 AEneas,
597 1539 827 1575 quamquam
844 1526 960 1564 lenire
980 1526 1172 1565 dolentem

196 1574 357 1614 Solando
377 1577 494 1627 eupit,
513 1580 552 1616 et
572 1579 683 1616 dietis
703 1582 870 1617 avertere
889 1593 1009 1625 curam,

196 1627 328 1666 Multa
345 1643 510 1679 gemens,
529 1645 743 1682 magnoque
763 1633 933 1669 animum
951 1633 1158 1670 labefactus
1179 1646 1315 1680 amore,

195 1680 223 1716 J
226 1693 313 1719 ussa
330 1684 459 1720 tamen
478 1684 610 1721 divum
629 1685 858 1735 exsequitur,
879 1686 1109 1735 classemque
1128 1686 1271 1723 revisit.

196 1733 297 1771 Tum
316 1748 404 1773 vero
424 1736 560 1774 Teucri
578 1738 819 1785 incumbunt,
840 1741 879 1776 et
898 1739 1008 1776 litore
1028 1739 1144 1776 celsas
