1705 2744
262 76 340 115 270
672 89 707 115 P.
726 89 914 115 VIRGILII
934 90 1122 117 MARONIS

264 181 431 220 Massica
450 182 515 232 qui
533 182 676 230 rastris,
697 185 736 221 et
756 197 849 233 quos
869 184 914 222 de
933 184 1090 223 collibus
1110 185 1197 223 altis
1695 194 1697 224 Ι

263 236 434 273 Ain-unci
452 236 586 274 misere
604 239 743 286 patres,
763 237 1001 287 Sidicinaque
1014 239 1127 288 juxta

262 289 453 338 AEquora3
483 289 620 338 quique
641 289 748 327 Cales
767 290 958 340 linquunt,
979 291 1173 342 amnisque
1191 291 1321 330 vadosi

260 342 402 379 Accola
420 342 614 389 Vulturni,
634 343 848 393 pariterque
868 344 1053 381 Saticulas
1073 358 1190 395 asper,
1655 321 1666 414 ἦ

261 395 520 445 Oscorumque
539 409 685 433 manus.
743 396 897 434 Teretes
917 401 1007 434 sunt
1026 398 1175 448 aclydes
1194 398 1267 436 illis
1655 401 1658 406 ’

261 448 374 486 Tela:
404 449 469 486 sed
487 449 565 486 haec
585 449 689 487 lento
708 463 790 487 mos
809 452 867 487 est
887 452 1016 499 aptare
1034 451 1195 501 flagello.

261 501 395 539 Laevas
414 504 529 539 caetra
546 503 667 552 tegit3
695 503 823 540 falcati
842 503 1012 540 cominus
1031 517 1148 541 enses.

314 555 397 592 Nec
416 557 462 592 tu
481 556 708 593 carminibus
727 557 867 594 nostris
886 556 1051 593 indictus
1072 556 1203 603 abibis,

262 608 407 654 OEbale,
428 622 540 657 quem
559 622 754 659 generasse
775 610 894 647 Telon
914 609 1116 647 Sebethide
1134 610 1306 661 nympha

261 661 412 708 Fertur,
433 662 639 700 Teleboum
660 662 820 713 Capreas
841 676 958 712 quum
978 677 1094 714 regna
1112 665 1260 701 teneret

260 714 289 751 J
291 728 352 752 am
372 715 515 761 senior;
543 715 675 765 patriis
695 716 760 753 sed
778 729 854 753 non
874 719 912 753 et
932 716 1031 753 filius
1051 717 1150 753 arvis

261 767 487 815 Contentus,
507 769 583 806 late
597 769 678 819 jam
697 771 784 806 tum
803 769 946 807 ditione
966 770 1160 819 premebat

259 821 448 859 Sarrastes
467 822 636 872 populos,
657 824 695 859 et
715 836 797 871 quae
817 823 916 873 rigat
935 836 1086 872 aequora
1105 823 1257 869 Sarnus,

259 874 408 924 Quique
428 875 567 912 Rufras
587 875 848 926 Batulumque
867 879 1001 913 tenent
1021 878 1134 925 atque
1153 890 1242 914 arva
1261 875 1449 922 Celennae,

259 927 316 964 Et
335 941 428 977 quos
450 928 625 966 maliferae
644 929 866 979 despectant
884 929 1024 967 moenia
1042 930 1211 967 Abellae:

261 980 472 1019 Teutonico
490 982 570 1019 ritu
589 982 692 1019 soliti
710 985 885 1032 torquere
905 983 1042 1020 cateias
1057 999 1065 1029 3

261 1033 449 1084 Tegmina
468 1035 572 1084 queis
592 1035 760 1085 capitum
779 1038 911 1085 raptus
931 1036 976 1073 de
996 1036 1128 1073 subere
1148 1038 1288 1083 cortex,

261 1087 480 1137 AErataeque
498 1089 642 1126 micant
661 1089 782 1139 peltae,
802 1089 919 1127 micat
938 1103 1055 1127 aereus
1075 1090 1185 1127 ensis.

314 1141 369 1178 Et
388 1144 428 1179 te
446 1144 630 1179 montosae
649 1142 783 1180 misere
801 1143 841 1179 in
859 1143 991 1192 proelia
1009 1143 1155 1190 Nersae,

260 1194 392 1240 Ufens,
411 1195 600 1245 insignem
618 1195 718 1233 fama
737 1198 776 1233 et
794 1196 965 1233 felicibus
985 1196 1120 1233 armis:

260 1247 429 1285 Horrida
447 1248 632 1298 praecipue
652 1249 713 1286 cui
732 1263 836 1299 genS,
856 1252 1080 1299 assuetaque
1099 1249 1223 1286 multo

258 1300 413 1338 Venatu
430 1315 639 1348 nemorum,
659 1303 761 1339 duris
781 1302 982 1352 [Equicula
999 1302 1130 1352 glebis.

258 1354 411 1391 Armati
429 1356 571 1392 terram
590 1358 775 1401 exercent,
795 1369 1013 1405 semperque
1031 1358 1199 1392 recentes

258 1406 492 1446 Convectare
504 1409 616 1458 juvat
635 1409 791 1458 praedas,
811 1411 849 1446 et
868 1409 993 1446 vivere
1011 1411 1132 1458 rapto.

312 1461 414 1507 Quin
433 1464 472 1498 et
491 1462 689 1499 Mai-rubia
705 1462 811 1499 venit
830 1462 875 1499 de
894 1464 1008 1513 gente
1027 1462 1209 1508 sacerdos,

257 1513 410 1552 Fronde
430 1528 540 1564 super
558 1515 705 1565 galeam
724 1518 763 1552 et
782 1515 878 1552 felici
900 1518 1048 1552 conitus
1068 1515 1178 1561 oliva,

255 1567 442 1617 Archippi
460 1567 559 1618 regis
578 1568 707 1614 missu,
726 1568 953 1605 fortissimus
974 1568 1142 1605 Umbro:

257 1620 411 1670 Viperio
431 1621 560 1671 generi
579 1624 618 1659 et
637 1621 805 1672 graviter
824 1621 1054 1671 spirantibus
1072 1621 1205 1671 hydris

258 1673 442 1724 Spargere
462 1675 526 1724 qui
546 1688 698 1712 somnos
719 1677 906 1724 cantuque
925 1688 1114 1724 manuque
1134 1674 1289 1716 Solebat,

258 1726 531 1778 Mulcebatque
550 1728 635 1774 iras,
656 1730 694 1765 et
714 1742 860 1765 morsus
880 1730 960 1765 arte
980 1728 1142 1765 levabat.

258 1780 332 1817 Sed
351 1794 428 1818 non
447 1781 651 1818 Dardaniae
670 1781 848 1819 medicari
867 1781 1030 1831 cuspidis
1049 1781 1170 1818 ictum

257 1834 417 1871 Evaluit
432 1851 440 1881 3
467 1848 588 1884 neque
608 1848 694 1872 eum
707 1835 840 1885 juvere
858 1835 899 1871 in
917 1835 1073 1872 vulnera
1092 1836 1225 1872 cantus

259 1887 471 1933 Somniferi,
492 1890 531 1925 et
550 1888 691 1925 Marsis
712 1888 880 1937 quaesitae
899 1889 1093 1925 montibus
1113 1888 1249 1925 herbae.

259 1940 314 1977 Te
333 1954 465 1978 nemus
484 1941 693 1991 Angustiae,
713 1942 835 1979 vitrea
853 1944 892 1979 te
914 1941 1081 1978 Fucinus
1101 1941 1214 1987 unda,

260 1993 315 2030 Te
333 1993 467 2043 liquidi
486 1995 620 2032 flevere
639 1995 754 2031 lacus.

313 2046 403 2084 Ibat
423 2049 462 2084 et
481 2047 689 2098 Hippolyti
707 2047 829 2097 proles
849 2047 1102 2097 pulcherrima
1119 2047 1219 2085 bello

259 2099 425 2145 Virbius,
444 2100 633 2150 insignem
653 2114 765 2150 quem
784 2105 907 2138 mater
925 2101 1052 2138 Aricia
1070 2101 1188 2147 misit,

259 2152 457 2190 Eductum
477 2153 628 2203 Egeriae
648 2153 753 2200 lucis,
772 2154 971 2191 humentia
989 2154 1130 2190 circum

259 2205 404 2252 Litora,
424 2206 575 2256 pinguis
594 2206 660 2243 ubi
679 2209 718 2244 et
737 2206 928 2256 placabilis
948 2220 1012 2243 ara
1030 2206 1176 2243 Dianae.

259 2259 438 2309 Namque
457 2260 584 2297 ferunt
603 2260 703 2297 fama
723 2259 996 2310 Hippolytum,
1016 2262 1218 2309 postquam
1237 2259 1318 2296 arte
1336 2270 1507 2296 noverea:

262 2312 464 2359 Occiderit,
483 2313 699 2362 patriasque
718 2313 876 2363 explerit
896 2313 1078 2362 sanguine
1097 2325 1227 2362 poenas

261 2365 441 2403 Turbatis
461 2366 666 2404 distractus
685 2366 801 2416 equis,
822 2366 869 2403 ad
888 2366 1009 2403 sidera
1026 2379 1156 2403 rursus

260 2419 437 2456 AEtheria
455 2421 494 2456 et
514 2433 664 2469 superas
684 2419 768 2457 coeli
786 2419 932 2457 venisse
951 2420 1021 2457 sub
1040 2432 1161 2465 auras,

261 2472 425 2510 Paeoniis
444 2475 664 2510 revocatum
681 2473 807 2510 herbis
827 2475 865 2510 et
885 2486 1010 2510 amore
1029 2473 1176 2510 Dianae.

261 2526 362 2563 Tum
382 2525 498 2563 Pater
517 2526 768 2577 omnipotens,
788 2526 951 2575 aliquem
969 2526 1191 2577 indignatus
1211 2525 1257 2563 ab
1277 2523 1421 2562 umbris

261 2579 469 2617 Mortalem
487 2579 643 2618 infernis
662 2580 710 2618 ad
728 2579 873 2617 lumina
891 2593 1044 2631 surgere
1062 2579 1164 2627 vitae,
