1705 2744
572 90 810 119 GEORGICON
831 90 900 117 LIB
907 109 914 117 .
934 90 991 117 IV.

151 186 458 237 Contemplator:
488 199 602 236 aquas
621 186 747 223 dulces
766 187 806 224 et
823 185 977 223 frondea
994 198 1139 235 semper

151 242 269 279 Tecta
286 242 436 291 petunt.
492 240 583 277 Huc
600 242 647 277 tu
659 240 785 290 jussos
804 252 958 289 asperge
976 252 1135 288 sapores,

150 295 260 331 Trita
277 292 524 343 melisphylla,
544 295 583 330 et
601 293 781 330 cerinthae
800 291 965 342 ignobile
984 305 1161 342 gramen;

151 347 404 396 Tinnitusque
423 346 488 393 cie,
507 348 546 383 et
565 346 697 383 matris
717 347 830 395 quate
849 345 1020 396 cymbala
1038 345 1189 383 circum.

151 401 250 450 Ipsae
271 400 466 437 consident
484 399 679 437 medicatis
699 399 872 446 sedibus;
899 399 989 448 ipsae

150 453 296 491 Intima
313 466 416 491 more
435 465 502 490 suo
522 466 599 490 sese
618 452 658 489 in
677 452 865 490 cunabula
883 451 1056 489 condent.

203 506 271 543 Sin
289 509 419 543 autem
437 506 484 543 ad
501 519 671 556 pugnam
689 505 859 552 exierint,
883 506 990 554 (nam
1009 518 1105 556 saepe
1124 504 1270 542 duobus

151 559 322 610 Regibus
341 559 494 597 incessit
512 573 651 609 magno
670 559 862 596 descordia
879 558 1006 608 motu)

151 612 418 662 Continuoque
437 613 580 650 animos
600 612 706 663 vulgi
725 614 764 650 et
782 611 1011 662 trepidantia
1027 611 1124 649 bello

151 665 275 703 Corda
292 666 380 703 licet
399 666 510 716 longe
529 666 784 716 praesciscere3
812 678 975 714 namque
994 666 1184 703 morantes

149 719 312 756 Martius
331 719 393 757 ille
412 720 495 756 aeris
513 719 616 756 rauci
635 732 747 756 canor
764 719 946 768 increpat,
966 719 1005 755 et
1024 731 1098 755 vox

149 772 319 809 Auditur
337 772 475 809 fractos
495 773 641 810 sonitus
660 772 812 809 imitata
830 771 1032 818 tubarum3

150 825 252 862 Tum
271 825 428 876 trepidae
448 826 548 863 inter
566 839 605 863 se
624 827 776 871 coeunt,
795 824 1001 875 pennisque
1021 827 1228 871 coruscant,

151 878 374 928 Spiculaque
393 881 580 916 exacuunt
599 878 743 924 rostris,
763 880 971 928 aptantque
990 878 1160 925 lacertos,

150 932 206 969 Et
225 932 322 969 eirca
340 945 468 982 regem
487 933 600 981 atque
619 931 700 982 ipsa
719 931 766 968 ad
784 931 961 981 praetoria
981 931 1106 969 densae

149 984 370 1031 Miscentur,
390 985 610 1034 magnisque
628 987 767 1022 vocant
786 984 1010 1022 clamoribus
1029 985 1190 1022 hostem.

149 1038 256 1088 Ergo
274 1038 339 1075 ubi
358 1051 422 1075 ver
440 1040 561 1075 nactae
581 1038 717 1075 sudum
737 1051 962 1088 camposque
979 1040 1154 1088 patentes

150 1091 372 1141 Erumpunt
390 1091 522 1141 portis,
543 1091 778 1128 concurritur
795 1107 802 1137 ;
831 1091 971 1128 aethere
989 1091 1029 1128 in
1048 1091 1125 1129 alto

151 1144 218 1181 Fit
237 1144 406 1191 sonitus;
433 1158 616 1195 magnum
635 1144 766 1182 mixtae
786 1143 1047 1194 glomerantur
1064 1145 1105 1181 in
1124 1145 1264 1191 orbem,

149 1197 442 1248 Praecipitesque
461 1198 624 1235 cadunt:
644 1211 721 1235 non
740 1197 888 1235 densior
907 1200 991 1235 aere
1010 1198 1166 1248 grando,

150 1250 233 1288 Nec
252 1251 297 1288 de
316 1264 494 1288 concussa
511 1253 667 1289 tantum
685 1251 784 1301 pluit
802 1250 885 1288 ih'ce
903 1251 1050 1301 glandis
1065 1268 1072 1289 :

150 1303 231 1354 Ipsi
249 1317 315 1354 per
332 1304 473 1342 medias
493 1304 588 1342 acies
607 1304 819 1354 insignibus
839 1304 907 1341 alis

150 1356 332 1407 Ingentes
351 1358 495 1395 animos
514 1360 677 1408 angusto
696 1358 736 1394 in
754 1359 905 1407 pectore
923 1359 1087 1404 versant,

150 1410 281 1460 Usque
300 1411 390 1449 adeo
409 1411 537 1449 obnixi
555 1425 632 1449 non
650 1410 790 1457 cedere,
810 1411 901 1447 dum
920 1411 1045 1460 gravis
1064 1413 1131 1449 aut
1149 1411 1230 1458 hos,

151 1464 233 1501 Aut
251 1464 320 1501 hos
338 1478 446 1502 versa
463 1464 555 1515 fuga
571 1465 694 1502 victor
711 1464 798 1501 dare
816 1466 927 1514 terga
944 1465 1108 1515 subegit.

153 1516 211 1553 Hi
228 1519 354 1554 motus
373 1518 584 1555 animorum
604 1520 717 1567 atque
735 1517 816 1555 haec
835 1518 1042 1555 certamina
1060 1520 1171 1556 tanta

153 1569 324 1607 Pulveris
343 1571 468 1621 exigui
481 1571 589 1621 jactu
607 1584 819 1620 compressa
837 1571 1048 1620 quiescunt.

153 1622 296 1660 Verum
313 1623 379 1661 ubi
397 1624 571 1662 ductores
591 1624 667 1661 acie
686 1624 915 1661 revocaveris
935 1624 1057 1671 ambo,

152 1675 330 1713 Deterior
348 1677 412 1726 qui
429 1677 542 1723 visus,
562 1691 648 1714 eum
666 1690 713 1714 ne
732 1677 912 1727 prodigus
933 1677 1045 1723 obsit,

152 1728 261 1766 Dede
280 1730 382 1776 neci3
410 1730 541 1767 melior
559 1744 677 1768 vacua
695 1730 774 1767 sine
792 1732 926 1780 regnet
945 1730 985 1766 in
1004 1730 1099 1767 aula.

152 1782 264 1819 Alter
283 1782 353 1819 erit
373 1783 528 1820 maculis
547 1797 636 1821 auro
656 1783 913 1832 squalentibus
933 1783 1087 1829 ardens;

152 1835 257 1872 Nam
276 1836 349 1873 duo
368 1838 458 1873 sunt
476 1850 613 1887 genera
629 1853 636 1883 3
664 1836 725 1874 hie
745 1836 887 1882 melior,
906 1836 1064 1886 insignis
1084 1838 1123 1874 et
1141 1850 1214 1883 ore,

153 1888 208 1925 Et
227 1889 350 1926 rutilis
370 1889 490 1926 clarus
510 1890 696 1939 squamis3
724 1890 785 1926 ille
804 1889 977 1927 horridus
997 1890 1091 1928 alter

152 1940 317 1989 Desidia,
336 1942 526 1993 latamque
544 1943 698 1980 trahens
717 1943 899 1993 inglorius
919 1943 1056 1980 alvum.

152 1994 210 2031 Ut
229 1995 327 2033 binae
346 2009 481 2046 regum
499 1996 623 2042 facies,
642 1996 697 2033 ita
716 2010 870 2046 corpora
888 1996 1027 2046 plebis:

152 2048 328 2098 Namque
348 2049 428 2086 aliae
447 2051 577 2099 turpes
595 2049 775 2096 horrent3
804 2063 872 2087 ceu
889 2050 1040 2100 pulvere
1060 2050 1106 2087 ab
1126 2049 1204 2087 alto

152 2101 280 2148 Quum
298 2102 414 2149 venit,
434 2105 472 2140 et
492 2103 588 2141 sicco
607 2105 748 2141 terram
767 2103 869 2153 spuit
888 2116 950 2140 ore
968 2103 1092 2140 viator

151 2155 291 2192 Aridus
307 2172 314 2201 ;
343 2156 491 2193 elucent
511 2156 604 2201 aliae,
625 2158 664 2194 et
683 2156 829 2206 fulgore
849 2159 1046 2194 coruscant

151 2208 339 2246 Ardentes
359 2223 448 2247 auro
468 2211 506 2247 et
524 2210 676 2260 paribus
695 2210 765 2247 lita
783 2223 937 2260 corpora
955 2210 1090 2261 guttis.

154 2261 249 2299 Haec
268 2263 393 2312 potior
412 2263 580 2309 suboles3
607 2263 696 2301 hinc
716 2263 799 2301 coeli
817 2266 988 2314 tempore
1007 2265 1109 2301 certo

152 2313 289 2353 Dulcia
306 2316 417 2353 mella
434 2329 579 2366 premes
594 2333 601 2363 3
629 2330 697 2355 nec
715 2319 870 2354 tantum
889 2317 1024 2363 dulcia,
1045 2317 1232 2366 quantum

153 2367 208 2404 Et
225 2368 378 2418 liquida,
397 2372 436 2407 et
454 2370 593 2406 durum
612 2370 755 2408 Bacchi
773 2370 965 2408 domitura
983 2383 1165 2420 saporem.

206 2421 261 2458 At
280 2435 397 2471 quum
415 2423 560 2460 incerta
576 2423 719 2469 volant,
739 2424 906 2473 coeloque
926 2424 1097 2461 examina
1114 2422 1266 2469 ludunt,

154 2472 488 2525 Contemnuntque
506 2477 621 2522 favos,
641 2484 678 2514 et
695 2477 832 2527 frigida
849 2480 953 2515 tecta
970 2477 1201 2528 relinquunt,

154 2525 355 2565 Instabiles
374 2530 518 2567 animos
535 2530 625 2567 ludo
643 2530 859 2580 prohibebis
877 2531 980 2568 inani
996 2548 1004 2568 z

155 2578 237 2617 Nec
255 2594 415 2632 magnus
434 2583 630 2633 prohibere
649 2584 764 2621 labor.
824 2584 885 2621 Tu
903 2584 1055 2635 regibus
1074 2583 1150 2621 alas

1359 80 1409 118 85
