1674 2775
243 112 320 148 354
651 122 686 148 Ρ.
704 121 891 147 vmcrmr
908 121 1097 149 MARoms

246 217 416 262 Fecerat,
436 218 475 254 et
493 216 600 254 tenui
618 216 713 254 telas
733 216 959 254 discreverat
979 230 1080 255 auro.

244 270 396 306 Harum
415 283 528 306 unam
548 269 681 319 juveni
699 283 915 319 supremum
935 273 1090 307 maestus
1109 270 1292 308 honorem

244 322 391 369 Induit,
411 335 629 372 arsurasque
649 336 773 360 comas
793 323 952 360 obnubit
972 323 1135 370 amictu;

246 376 447 426 Multaque
466 378 646 425 praetcrea
665 375 866 413 Laurentis
885 376 1042 425 praemia
1059 390 1196 426 pugnae

244 430 429 479 Aggcrat,
449 432 488 465 et
506 429 620 478 longo
639 429 805 479 praedam
819 429 929 479 jubet
949 429 1077 466 ordine
1097 430 1194 466 duci.

246 482 364 519 Addit
383 495 497 531 equos
516 484 554 519 et
574 482 663 525 tela,
685 482 819 531 quibus
839 482 1064 532 spoliaverat
1083 482 1244 520 hostem.

246 535 281 571 Υ
283 535 429 572 iuxerat
448 538 487 572 et
506 538 592 584 post
610 538 720 585 terga
737 548 883 581 manUS,
903 548 995 584 quos
1014 535 1187 573 mitteret
1207 536 1349 596 umbris

248 588 419 634 Inferias,
439 602 533 625 caeso
553 601 746 638 sparsuros
765 588 947 638 sanguine
966 588 1179 634 flammam3

248 640 485 691 Indutosque
498 641 609 691 jubet
627 644 782 678 truncos
801 641 1003 678 hostilibus
1023 642 1135 678 armis

248 694 358 744 Ipsos
376 695 472 732 ferre
492 695 644 741 duces,
635 694 860 744 lnimicaque
878 694 1033 731 nomina
1052 695 1130 745 figi.

248 747 415 785 Ducitur
434 747 564 784 infelix
584 761 663 785 aevo
683 747 875 785 confectus
895 748 1060 794 Acoetes,

248 800 411 838 Pectora
428 814 529 838 nunc
548 801 692 838 foedans
710 800 859 850 pugnis,
878 814 979 837 nunc
997 800 1188 850 unguibus
1208 814 1273 838 ora
1290 816 1298 846 ;

248 854 452 900 Sternitur,
472 856 511 891 et
529 856 614 891 toto
632 854 820 904 projectus
840 867 992 903 corpore
1009 856 1130 891 terrae.

248 907 409 944 Ducunt
428 909 467 944 et
486 907 633 944 Rutulo
652 907 820 956 perfusos
840 907 1020 957 sanguine
1040 920 1181 944 currus.

250 960 346 997 Post
365 960 524 998 bellator
543 973 671 1010 equus,
690 960 823 1010 positis
841 960 1064 1010 insignibus,
1084 960 1233 997 AEthon

249 1013 292 1050 It
310 1013 521 1059 lacrimans,
541 1013 738 1064 guttisque
756 1013 954 1051 humectat
973 1013 1179 1063 grandibus
1198 1026 1273 1050 ora.

252 1067 419 1104 Hastam
438 1067 501 1104 alii
519 1067 738 1117 galeamque
757 1066 907 1113 ferunt3
935 1080 1024 1103 nam
1044 1069 1168 1103 cetera
1186 1066 1338 1103 Turnus

250 1120 384 1157 Victor
402 1120 529 1157 habet.
585 1120 686 1156 Tum
704 1122 836 1156 maesta
854 1119 1018 1170 phalanx
1037 1119 1244 1170 Teucrique
1264 1120 1484 1168 sequuntur,

251 1173 513 1223 Tyrrhenique
533 1173 656 1219 duces,
675 1175 714 1210 et
734 1173 849 1210 versis
868 1173 1032 1210 Arcades
1052 1172 1177 1210 armis.

251 1226 462 1276 Postquam
481 1226 602 1263 omnis
620 1226 732 1276 longe
751 1226 935 1263 comitum
953 1228 1183 1276 processerat
1203 1225 1305 1271 ordo,

253 1279 438 1316 Substitit
457 1279 607 1325 AEneas‚
627 1279 847 1329 gemituque
865 1279 944 1316 haec
964 1278 1110 1315 addidit
1129 1279 1230 1316 alto:

252 1335 274 1351 “
286 1332 370 1370 Nos
390 1332 480 1369 alias
499 1332 587 1369 hinc
608 1333 655 1369 ad
672 1332 844 1369 lacrimas
864 1332 993 1369 eadem
1012 1331 1164 1368 horrida
1180 1330 1269 1368 beni

253 1385 352 1423 Fata
370 1388 520 1423 vocant.
593 1385 701 1422 Salve
720 1387 904 1422 aeternum
922 1384 1028 1430 mihi,
1047 1384 1209 1421 maxime
1229 1383 1346 1427 Paua,

252 1438 530 1489 AEternumque
548 1438 670 1476 vale.”
725 1438 808 1475 Nec
827 1437 934 1487 plura
952 1438 1086 1475 effatus
1105 1438 1151 1474 ad
1170 1438 1266 1474 altos

254 1492 450 1530 Tendebat
469 1505 608 1537 muros,
628 1504 872 1541 gressumque
890 1491 931 1527 in
950 1494 1072 1527 castra
1089 1490 1244 1528 ferebat.

307 1545 472 1595 Jamque
491 1547 657 1582 oratores
676 1544 831 1581 aderant
851 1557 895 1580 ex
913 1543 1004 1580 urbe
1023 1543 1173 1589 Latina,

254 1597 382 1635 Velati
400 1598 514 1635 ramis
533 1598 635 1643 oleae,
654 1597 876 1646 veniamque
894 1598 1095 1646 rogantes:

255 1651 432 1701 Corpora,
451 1664 517 1701 per
536 1663 686 1700 campos
705 1650 802 1687 ferro
821 1663 902 1699 quae
921 1649 1003 1686 fusa
1012 1649 1200 1700 jacebant,

254 1704 459 1749 Redderet,
479 1718 521 1742 ac
539 1703 688 1741 tumulo
708 1703 846 1740 sineret
866 1702 1060 1739 succedere
1078 1705 1210 1748 terrae;

255 1758 421 1795 Nullum
439 1771 526 1795 cum
544 1756 656 1794 victis
677 1760 867 1793 certamen
886 1757 925 1793 ct
944 1755 1082 1792 aethere
1101 1755 1235 1800 cassis3

256 1811 434 1848 Parceret
453 1810 666 1860 hospitibus
686 1809 878 1859 quondam
897 1808 1106 1859 socerisque
1124 1807 1281 1845 voeatis.

256 1865 358 1910 Quos
377 1865 498 1901 bonus
518 1863 669 1909 AEneas,
689 1862 793 1899 haud
813 1861 1045 1911 aspernanda
1062 1864 1270 1911 precanteS,

257 1917 507 1967 Prosequitur
525 1916 645 1961 venia,
666 1917 704 1953 et
723 1915 847 1953 verbis
866 1915 945 1952 haec
963 1915 1115 1964 insuper
1134 1914 1261 1951 addit:

258 1973 279 1989 ‘⁶
293 1971 475 2018 Quaenam
492 1983 559 2007 vos
578 1971 689 2006 tanto
708 1969 862 2006 fortuna
878 1967 1045 2018 indigna,
1066 1967 1206 2014 Latini,

257 2023 456 2073 Implicuit
474 2023 583 2068 bello,
603 2022 668 2072 qui
686 2035 755 2059 nos
774 2021 930 2072 fugiatis
949 2021 1088 2058 amicos
1103 2019 1119 2058 Ρ

259 2076 398 2114 Pacem
416 2090 477 2114 me
496 2075 677 2113 exanimis
697 2077 735 2112 et
755 2074 895 2112 Martis
915 2076 1015 2111 sorte
1033 2073 1212 2124 peremtis

261 2129 419 2167 Oratis?
449 2129 623 2178 equidem
642 2130 681 2165 et
699 2128 796 2165 vivis
816 2127 1017 2165 concedere
1035 2126 1184 2164 vellem.

257 2183 341 2220 Nec
360 2183 458 2228 veni,
476 2181 550 2219 nisi
568 2182 648 2218 fata
665 2181 790 2218 locum
811 2181 1009 2229 sedemque
1028 2179 1241 2223 dedissent3

257 2235 342 2273 Nec
360 2213 501 2272 belhim
520 2247 607 2272 cum
625 2236 738 2284 gente
757 2247 868 2283 gero:
897 2246 961 2270 rex
978 2234 1110 2269 nostra
1126 2231 1278 2281 reliquit

258 2288 452 2338 Hospitia,
472 2290 510 2325 et
530 2287 651 2324 Turni
669 2287 795 2337 potius
815 2299 853 2323 se
873 2285 1031 2323 credidit
1050 2284 1176 2322 armis.

259 2341 422 2392 AEquius
439 2341 529 2378 huic
548 2340 721 2377 Turnum
739 2340 862 2376 fuerat
881 2352 919 2376 se
939 2351 1125 2388 opponere
1143 2336 1272 2374 morti.

259 2395 300 2432 Si
318 2395 459 2432 bellum
479 2393 586 2431 finire
604 2406 732 2438 manu,
752 2393 783 2429 si
801 2391 937 2441 pellere
956 2391 1120 2429 Teucros

259 2449 443 2498 Apparat,
461 2448 521 2484 his
540 2459 688 2484 mecum
708 2423 834 2483 decuit
853 2457 1071 2482 concurrere
1088 2443 1196 2489 telis3

259 2501 387 2548 Vixet,
407 2501 467 2538 cui
486 2500 607 2538 vitam
625 2499 716 2537 deus
736 2501 802 2536 aut
822 2511 889 2535 sua
907 2498 1039 2535 dextra
1057 2496 1254 2563 dedisset„

259 2555 376 2592 Nunc
395 2555 460 2599 ite,
480 2556 519 2591 et
538 2553 684 2590 miseris
704 2551 904 2602 supponite
923 2550 1095 2588 civibus
1085 2548 1254 2600 ignem.’'

260 2608 421 2645 Dixerat
439 2607 591 2644 AEneas.
649 2605 725 2643 Olli
743 2605 970 2655 obstupuere
989 2604 1141 2642 silentes
1156 2619 1165 2649 ;
