1674 2775
617 102 807 129 AEnninos
827 103 910 129 ΠΒ.
930 102 969 129 x.
1359 95 1436 132 345

157 201 286 248 Quum
304 199 418 251 pedes
437 198 582 236 incedit
599 198 716 236 medii
735 211 801 248 per
820 198 987 235 maxima
1006 197 1125 236 Nerei

157 255 304 305 Stagna
320 253 423 290 viam
443 252 629 299 scindens,
649 252 809 289 humero
829 251 1086 302 supereminet
1106 251 1250 299 undas;

156 309 251 354 Aut,
271 306 430 344 summis
449 306 614 344 referens
633 318 816 342 annosam
836 305 1034 343 montibus
1055 319 1205 352 ornum,

157 361 456 412 Ingrediturque
475 359 554 397 solo
574 361 613 397 et
633 361 748 409 caput
767 359 869 396 inter
887 359 1020 396 nubila
1039 359 1169 397 condit
1187 375 1195 397 :

157 415 261 453 Talis
280 427 319 452 se
338 414 457 451 vastis
476 413 592 450 infert
610 412 822 450 Mezentius
842 412 969 449 armis.

155 468 263 506 Huic
283 469 417 506 contra
434 467 586 513 AEneas,
607 466 823 516 speculatus
842 466 882 503 in
901 465 1053 516 agmine
1071 466 1199 517 longo,

158 521 303 560 Obvius
321 521 375 558 ire
393 523 514 571 parat.
571 520 708 557 Manet
727 519 1008 569 imperterritus
1027 520 1104 566 ille,

162 1594 331 1632 Hostem
350 1594 643 1646 magnanimum
662 1594 872 1645 opperiens,
892 1596 932 1632 et
951 1595 1050 1633 mole
1071 1608 1139 1633 sua
1158 1598 1260 1642 stat3

162 1649 292 1698 Atque
311 1649 428 1687 oculis
448 1648 616 1700 spatium
635 1662 823 1695 emensus,
843 1650 1032 1698 quantum
1053 1650 1145 1687 satis
1164 1650 1287 1688 hastae
1304 1667 1312 1687 :

162 1704 182 1720 “
200 1701 359 1749 Dextra,
378 1702 475 1740 mihi
494 1702 597 1749 deus,
617 1704 657 1740 et
675 1702 810 1748 telum,
831 1702 933 1752 quod
952 1702 1094 1740 missile
1113 1703 1221 1751 libro,

161 1754 278 1793 Nunc
297 1756 448 1802 adsint3
475 1769 594 1794 voveo
613 1755 801 1806 praedonis
821 1769 976 1806 corpore
994 1756 1115 1807 raptis

161 1808 354 1847 Indutum
373 1809 501 1860 spoliis
521 1809 648 1860 ipsum
666 1811 719 1855 te,
739 1809 875 1856 Lause,
895 1811 1086 1860 tropaeum

160 1861 334 1900 AEneae.”
397 1863 527 1910 Dixit3
556 1863 858 1913 stridentemque
877 1863 1027 1900 eminus
1045 1864 1200 1901 hastam

161 1915 295 1966 Injicit
312 1933 320 1963 ;
348 1916 414 1954 illa
431 1917 564 1954 volans
585 1916 703 1967 clipeo
723 1919 782 1954 est
802 1929 968 1963 excussa,
987 1917 1195 1968 proculque

160 1969 377 2020 Egregium
397 1971 573 2008 Antoren
592 1970 694 2007 latus
712 1969 814 2007 inter
833 1971 873 2007 et
891 1969 957 2007 ilia
975 1970 1084 2021 figit:

161 2022 343 2061 Herculis
363 2025 541 2062 Antoren
560 2023 753 2070 comitem,
775 2023 841 2074 qui
858 2023 997 2061 missus
1018 2024 1065 2062 ab
1085 2024 1202 2075 Argis

161 2076 341 2115 Haeserat
362 2078 555 2123 Evandro,
575 2079 691 2127 atque
710 2077 813 2114 Itala
832 2077 1053 2115 consederat
1072 2078 1177 2116 urbe.

161 2130 357 2168 Sternitur
375 2131 507 2168 infelix
527 2131 648 2168 alieno
667 2131 834 2177 vulnere,
854 2131 1067 2181 coelumque

160 2184 324 2235 Aspicit,
344 2187 384 2223 et
403 2185 532 2222 dulces
551 2184 717 2222 moriens
735 2184 994 2222 reminiscitur
1012 2186 1153 2236 Argos.

162 2237 264 2275 Tum
283 2238 368 2289 pius
388 2239 529 2276 AEneas
548 2238 701 2276 hastam
714 2237 811 2289 jacit
828 2255 835 2276 :
864 2238 931 2276 illa
948 2252 1015 2289 per
1034 2239 1166 2277 orbem

162 2290 254 2329 AEre
273 2305 410 2329 cavum
428 2292 582 2342 triplici,
602 2305 669 2342 per
687 2292 787 2329 linea
804 2294 927 2343 terga,
946 2293 1146 2342 tribusque

163 2343 333 2383 Transiit
351 2346 547 2384 intextum
565 2345 687 2383 tauris
706 2359 812 2396 OPUS‚
832 2345 983 2395 imaque
1003 2346 1102 2384 sedit

164 2396 353 2448 Inguine3
382 2399 448 2437 sed
466 2399 565 2437 vires
584 2399 688 2437 haud
705 2399 880 2449 pertulit.
938 2399 1053 2437 O-cius
1073 2413 1204 2437 ensem

163 2450 316 2498 AEneas,
335 2452 417 2490 viso
436 2452 629 2503 Tyrrheni
647 2453 832 2503 sanguine
849 2453 973 2500 laetus,

163 2503 294 2554 Eripit
312 2519 335 2542 a
351 2506 502 2553 femine,
521 2508 561 2544 et
579 2506 789 2556 trepidanti
807 2506 974 2544 fervidus
992 2507 1126 2544 instat.

163 2556 363 2607 Ingemuit
382 2559 459 2596 cari
476 2560 645 2610 graviter
664 2559 847 2610 genitoris
867 2573 1006 2607 amore,

162 2609 222 2648 Ut
242 2611 350 2660 vidit,
370 2612 519 2650 Lausus
536 2629 544 2661 3
571 2613 811 2663 lacrimaeque
829 2626 896 2664 per
915 2627 981 2651 ora
998 2613 1152 2651 volutae.
