1705 2744
239 101 290 138 36
637 111 671 136 1².
692 109 877 136 vmeth
905 110 1092 138 MARONIS

239 205 378 255 Virgca
394 206 576 255 praeterea
595 203 693 243 Celei
713 205 869 254 vilisque
888 206 1064 256 supellex,

239 259 420 296 Arbuteae
440 261 559 296 crates
579 261 617 295 et
636 258 798 308 mystica
815 272 960 296 vannus
980 259 1108 297 Iacchi
1124 275 1132 296 t

241 311 379 349 Omnia
397 325 481 361 quae
500 311 622 348 multo
642 314 729 349 ante
748 325 892 349 memor
910 313 1058 362 provisa
1076 326 1242 362 repones,

241 364 281 401 Si
299 368 338 402 te
357 364 471 414 digna
488 367 615 402 manet
636 364 752 401 divini
770 365 889 415 gloria
912 365 1019 402 ruris.

242 417 432 455 Continuo
450 417 489 454 in
509 417 610 454 silvis
628 431 766 467 magna
783 418 820 454 vi
839 418 934 455 flexa
951 418 1127 455 domatur

242 470 291 507 In
309 471 433 508 burim
453 473 490 508 et
510 471 613 508 curvi
632 471 791 507 formam
810 471 944 520 accipit
963 471 1088 508 ulmus
1107 472 1244 517 aratri;

243 523 347 561 Huic
366 537 388 560 a
406 523 521 574 stirpe
539 524 650 574 pedes
668 526 771 560 temo
789 525 988 572 protentus
1006 524 1046 560 in
1070 527 1156 561 octo
1171 541 1179 570 ;

242 576 348 613 Binae
368 590 484 622 aures,
505 576 642 626 duplici
661 579 840 626 aptantur
858 576 1022 613 dentalia
1040 576 1162 614 dorso.

244 629 412 666 Caeditur
431 632 469 667 et
488 630 572 666 tilia
590 633 677 666 ante
690 629 784 679 jugo
803 629 906 674 levis,
926 629 1076 679 altaque
1094 629 1215 680 fagus,

244 682 434 732 Stivaque‚
454 696 534 732 quae
554 696 682 720 currus
702 696 723 719 a
740 686 848 732 tergo
867 684 1043 732 torqueat
1062 682 1180 729 imos;

244 735 299 772 Et
319 749 495 785 suspensa
514 736 604 772 focis
624 735 792 785 explorat
810 735 943 772 robora
960 736 1099 773 fumus.

298 788 457 825 Possum
476 789 598 826 multa
615 789 687 825 tibi
704 791 874 826 veterum
892 790 1080 838 praecepta
1096 788 1243 834 referre,

245 841 300 878 Ni
318 841 469 891 refugis,
488 843 692 901 tenuesque
711 841 816 891 pigtt
835 855 1056 891 cognoscexe
1076 855 1194 879 emas.

246 895 345 931 Area
364 908 450 931 cum
468 895 597 944 primis
616 895 763 945 ingenti
785 895 966 944 aequanda
984 895 1153 945 cylindro

247 947 302 984 Et
320 948 499 985 vertenda
516 961 631 985 manu
650 950 688 985 et
707 949 809 985 creta
827 947 1018 985 solidanda
1035 948 1170 994 tenaci,

248 1000 309 1037 Ne
329 1001 486 1038 subeant
504 1001 638 1046 herbae,
658 1014 731 1038 neu
750 1000 839 1050 pulv
842 1014 900 1038 ele
918 1000 1020 1038 victa
1037 1001 1210 1038 fatiscat·
1203 1032 1211 1047 ,

246 1053 347 1090 Tum
364 1054 478 1091 variae
497 1053 658 1091 illudant
676 1057 821 1104 pestes:
850 1067 950 1103 saepe
969 1054 1125 1104 exiguus
1143 1067 1228 1090 mus

248 1106 326 1143 Sub
344 1107 454 1144 terris
473 1107 672 1157 posuitque
691 1107 821 1144 domos
840 1110 952 1156 atque
970 1107 1104 1145 horrea
1126 1107 1238 1153 fecit3

247 1160 329 1196 Aut
348 1160 464 1197 oculis
483 1160 584 1210 capti
602 1160 726 1197 fodere
745 1160 881 1197 cubilia
898 1160 1013 1209 talpae
1029 1176 1037 1207 3

247 1212 506 1262 Inventusque
525 1213 624 1250 cavis
642 1213 743 1258 bufo,
763 1216 801 1250 et
821 1226 905 1263 quae
925 1213 1087 1263 plurima
1103 1214 1212 1250 terrae

247 1265 425 1303 Monstra
443 1266 569 1303 ferunt
584 1283 592 1311 ;
619 1266 847 1316 populatque
865 1266 1060 1316 ingentem
1078 1266 1184 1303 farris
1203 1279 1377 1304 acervum

248 1318 434 1365 Curculio,
453 1321 565 1368 atque
583 1319 686 1369 inopi
704 1322 875 1356 metuens
894 1319 1049 1356 formica
1066 1322 1239 1357 senectae.

249 1371 536 1421 Contemplator
554 1372 659 1418 item,
679 1386 795 1422 quum
815 1386 852 1409 se
871 1386 948 1409 nux
967 1372 1128 1422 plurima
1146 1373 1248 1410 silvis

249 1424 390 1462 Induet
409 1425 449 1461 in
466 1425 597 1462 florem
616 1428 654 1462 et
672 1438 795 1462 ramos
815 1425 986 1462 curvabit
1005 1425 1171 1472 olentes3

249 1477 290 1514 Si
308 1480 486 1528 superant
505 1478 615 1524 fetus,
635 1478 774 1528 pariter
792 1478 982 1515 frumenta
1000 1482 1214 1528 sequentur,

249 1531 468 1591 Magnaque
487 1544 572 1568 cum
592 1544 729 1581 magno
748 1531 874 1568 veniet
892 1531 1031 1568 tritura
1050 1532 1169 1569 calore
1184 1548 1192 1578 ;

249 1585 305 1621 At
325 1584 357 1621 si
374 1584 522 1621 luxuria
539 1584 713 1621 foliorum
732 1585 909 1622 exuberat
927 1585 1070 1631 umbra,

250 1637 520 1687 Nequidquam
537 1637 695 1687 pingues
714 1637 819 1687 palea
836 1639 895 1675 tei
897 1640 935 1674 et
955 1651 1039 1674 area
1057 1637 1211 1675 culmos.

252 1690 403 1727 Semina
421 1690 499 1727 vidi
517 1690 689 1750 equidem
707 1691 848 1727 multos
866 1691 1048 1728 medicare
1068 1692 1244 1738 ser‚entes

253 1743 308 1780 Et
326 1743 428 1781 nitro
446 1743 549 1793 prius
568 1745 607 1780 et
626 1743 735 1793 nigra
752 1744 972 1793 perfundere
991 1757 1152 1791 amurca,

255 1796 442 1833 Grandior
461 1799 505 1833 ut
523 1797 622 1834 fetus
641 1797 784 1846 siliquis
802 1797 994 1834 fallacibus
1014 1800 1122 1843 esset,

254 1849 309 1886 Et
329 1850 498 1899 quamvis
516 1849 596 1900 igni
615 1849 749 1899 exiguo
768 1853 966 1900 properata
984 1850 1191 1888 maderent.

254 1902 344 1939 Vidi
362 1902 461 1940 lecta
478 1902 543 1939 diu
561 1905 600 1940 et
618 1903 740 1940 multo
759 1906 929 1953 spectata
947 1904 1072 1941 labore

254 1954 492 2005 Degenerare
509 1958 650 2002 tamen,
669 1956 710 1993 ni
727 1956 784 1993 vis
802 1957 968 1994 humana
992 1955 1193 2006 quotamiis

254 2007 427 2045 Maxima
445 2022 598 2058 quaeque
617 2022 731 2046 manu
749 2009 911 2059 legeret3
944 2009 996 2047 sic
1015 2009 1141 2046 omnia
1157 2007 1245 2045 fatis

255 2060 305 2097 In
322 2061 428 2110 pejus
446 2075 562 2107 ruere,
583 2075 624 2098 ac
642 2064 743 2099 retro
763 2062 936 2112 sublapsa
952 2062 1102 2107 referri3

255 2114 347 2150 Non
366 2114 475 2151 aliter
494 2127 606 2163 quam
625 2115 688 2164 qui
707 2115 861 2152 adverso
879 2115 943 2152 vix
960 2115 1114 2151 flumine
1131 2113 1298 2151 lembum

255 2166 441 2216 Remigiis
461 2167 615 2217 subigit,
636 2168 667 2204 si
685 2168 837 2205 brachia
854 2168 951 2205 forte
969 2167 1124 2213 remisit,

256 2220 385 2268 Atque
402 2219 512 2257 illum
528 2220 569 2256 in
587 2233 752 2270 praeceps
771 2234 888 2270 prono
907 2221 1006 2270 rapit
1025 2220 1151 2257 alveus
1170 2219 1283 2256 amni.

309 2272 496 2310 Praeterea
512 2275 594 2310 tam
613 2276 702 2310 sunt
720 2274 875 2311 Arcturi
894 2273 1014 2310 sidera
1034 2273 1142 2310 nobis

255 2324 543 2375 Haedorumque
562 2326 639 2363 dies
658 2326 829 2363 servandj
848 2328 886 2363 et
904 2327 1049 2364 lucidus
1068 2325 1229 2376 Anguis,

257 2378 381 2424 Quam
400 2379 534 2429 quibus
552 2379 591 2416 in
609 2379 773 2428 patriam
790 2382 950 2417 ventosa
968 2393 1034 2430 per
1052 2391 1203 2429 aequora
1220 2378 1338 2416 vectis

256 2431 405 2468 Pontus
425 2434 463 2469 et
482 2432 644 2469 ostriferi
661 2433 784 2470 fauces
802 2435 1002 2470 tentantur
1020 2433 1159 2483 Abydi.

255 2483 373 2522 Libra
392 2484 450 2522 die
469 2486 663 2535 somnique
681 2499 787 2535 pares
806 2486 871 2523 ubi
889 2486 1018 2523 fecerit
1036 2485 1158 2532 horas,

257 2537 313 2574 Et
330 2538 495 2575 medium
515 2538 590 2576 luci
609 2541 721 2588 atque
740 2539 882 2576 umbris
897 2539 977 2589 jam
995 2538 1130 2576 dividit
1149 2537 1288 2585 orbem,

259 2590 453 2639 Exercete,
471 2591 553 2639 viri,
572 2594 723 2639 tauros3
751 2592 861 2630 serite
880 2592 1019 2630 hordea
1037 2592 1177 2643 campis
