1674 2775
163 1572 311 1617 ATQUE
330 1586 374 1611 ea
392 1572 540 1610 diversa
557 1572 711 1623 penitus
731 1573 824 1610 dum
841 1574 951 1623 parte
969 1574 1169 1624 geruntur,

165 1625 263 1664 Irim
281 1625 329 1664 de
347 1626 443 1664 eoelo
462 1626 570 1664 misit
590 1626 769 1664 Saturnia
790 1626 816 1664 J
818 1640 895 1664 uno

164 1678 362 1717 Audacem
380 1680 429 1717 ad
448 1680 635 1717 Turnum.
692 1679 799 1718 Luco
817 1682 904 1717 tum
923 1679 1022 1717 forte
1040 1678 1210 1730 parentis

165 1732 338 1770 Pilumni
355 1733 509 1770 Tumus
529 1735 676 1771 sacrata
692 1733 790 1771 valle
810 1733 977 1771 sedebat.

164 1786 229 1823 Ad
247 1800 361 1837 quem
380 1786 433 1824 sie
451 1800 558 1824 roseo
578 1787 856 1825 Thaumantias
875 1801 938 1825 ore
955 1786 1085 1824 locuta
1103 1790 1162 1823 est
1178 1803 1186 1824 :

165 1843 186 1859 “
202 1839 343 1887 Turne,
363 1840 465 1890 quod
484 1840 637 1891 optanti
655 1841 786 1878 divum
805 1841 1030 1891 promittere
1048 1853 1161 1877 nemo

164 1893 348 1940 Auderet‚
367 1893 556 1932 volvenda
574 1894 652 1932 dies
672 1908 719 1932 en
739 1895 873 1932 attulit
892 1894 1007 1932 ultro.

164 1947 318 1994 AEneas,
337 1947 430 1985 urbe
449 1949 488 1985 et
508 1948 618 1985 sociis
637 1950 677 1986 et
697 1948 812 1986 classe
830 1948 975 1994 relicta,

165 2000 323 2051 Sceptra
342 2000 511 2038 Palatini
529 2002 732 2052 sedemque
750 2002 890 2052 petivit
909 2000 1081 2038 Evandri

163 2054 206 2091 N
207 2067 249 2092 ee
268 2054 383 2092 satis:
413 2057 602 2093 extremas
622 2054 787 2106 Corythi
804 2054 1021 2106 penetravit
1040 2054 1089 2091 ad
1107 2053 1232 2100 urbes,

164 2107 438 2159 Lydorumque
457 2122 625 2156 manum,
646 2109 825 2147 collectos
844 2111 968 2146 armat
987 2109 1168 2158 agrestes.

166 2161 268 2208 Quid
286 2161 472 2201 dubitas?
500 2176 602 2200 nune
621 2165 775 2213 tempus
795 2176 921 2213 eqUOS‚
941 2175 1043 2199 nune
1062 2174 1215 2212 poscere
1235 2175 1378 2199 currus.

165 2214 319 2266 Rumpe
336 2229 462 2254 moras
481 2229 624 2262 omneS‚
644 2219 683 2254 et
701 2217 859 2254 turbata
877 2216 999 2266 arripe
1018 2215 1181 2253 eastra.”

165 2268 289 2316 Dixit,
309 2271 348 2307 et
367 2269 408 2307 in
427 2270 566 2308 coelum
585 2270 739 2320 paribus
758 2284 798 2309 se
817 2270 976 2308 sustulit
995 2269 1085 2315 alis3

166 2321 448 2374 Ingentemque
467 2324 560 2375 fuga
578 2325 699 2362 secuit
718 2324 789 2362 sub
807 2324 973 2362 nubibus
992 2336 1133 2361 arcum.

166 2375 341 2426 Agnovit
355 2377 519 2428 juvenis,
539 2377 782 2428 duplicesque
802 2378 850 2415 ad
869 2378 992 2415 sidera
1009 2377 1155 2427 palmas

168 2428 346 2478 Sustulit,
366 2433 406 2468 et
424 2431 496 2469 tali
514 2431 729 2482 fugientem
748 2434 807 2469 est
825 2445 918 2469 voce
937 2432 1112 2468 secutus:

168 2485 190 2501 ‘⁶
203 2482 271 2530 Iri,
290 2483 403 2522 decus
423 2484 519 2532 coeli,
540 2484 624 2534 quis
642 2487 683 2523 te
701 2485 799 2523 mihi
816 2485 982 2523 nubibus
1001 2486 1128 2521 aetam

168 2535 323 2574 Detulit
341 2537 382 2575 in
400 2540 521 2576 terras
536 2538 553 2577 Ῥ
584 2539 685 2577 unde
704 2539 785 2577 haec
803 2541 887 2577 tam
906 2538 1007 2576 clara
1023 2539 1181 2587 repente

167 2588 390 2641 Tempestas
405 2591 423 2630 Ρ
451 2592 622 2630 medium
639 2592 750 2630 video
768 2592 957 2630 discedere
976 2591 1128 2638 eoelum,
