1705 2744
217 108 295 145 210
626 120 661 146 P.
681 119 868 147 VIRGILII
887 120 1076 147 MAnoms

220 212 392 250 Pontum
411 214 655 264 aspectabant
673 215 828 252 flentes:
858 218 879 234 “
892 215 995 262 Heu,
1014 218 1076 254 tot
1095 216 1191 254 vada
1208 217 1327 266 fessis,

220 266 276 304 Et
295 268 450 304 tantum
468 281 658 317 superesse
676 268 790 305 maris
803 269 838 306 !”
867 282 940 306 vox
959 270 1133 307 omnibus
1152 284 1238 308 una.

222 319 368 357 Urbem
387 323 519 367 orant3
547 321 664 359 taedet
682 321 806 372 pelagi
824 322 984 371 perferre
1003 323 1181 361 laborem.

221 372 328 423 Ergo
348 373 448 411 inter
466 374 607 411 medias
627 388 705 412 sese
724 374 826 411 haud
843 375 976 425 ignara
993 376 1153 414 nocendi

223 425 398 477 Conjicit,
419 429 458 464 et
476 427 683 477 faciemque
702 428 779 465 deae
797 432 1016 479 vestemque
1034 430 1182 479 reponit
1197 446 1205 467 :

223 478 291 516 Fit
310 480 445 526 Beroe,
465 480 608 518 Tmarii
628 480 764 530 conjux
781 481 952 531 longaeva
970 482 1139 532 Dorycli,

223 531 295 569 Cui
313 546 432 582 genus
452 536 491 570 et
510 534 700 583 quondam
718 547 856 571 nomen
874 534 1028 584 natique
1046 535 1206 573 fuissent
1223 552 1231 582 ;

222 586 280 623 Ac
300 586 352 623 sic
372 586 634 624 Dardanidum
652 587 816 624 mediam
834 601 873 625 se
891 588 1076 625 matribus
1094 588 1230 626 infert:

223 641 244 658 ‘⁶
261 639 294 676 O
314 639 474 685 miserae,
494 654 585 690 quas
603 654 680 678 non
699 641 871 686 manus,’'
892 641 1029 690 inquit,
1050 644 1070 660 “
1083 642 1249 679 Achaica
1266 641 1363 680 bello

223 692 398 729 Traxerit
417 693 464 729 ad
482 693 603 730 letum
621 694 753 743 patriae
772 694 841 731 sub
859 694 1068 732 moenibus!
1098 708 1120 732 o
1139 708 1231 745 gens

223 744 384 783 Infelix!
414 746 474 783 cui
492 748 532 784 te
551 747 666 784 exitio
684 748 838 784 fortuna
855 750 1021 785 reservat
1036 747 1053 785 Ρ

224 798 395 848 Septima
413 802 500 849 post
520 800 641 850 Trojae
660 800 847 838 excidium
859 801 941 851 jam
959 801 1122 838 vertitur
1141 802 1263 848 aestas,

225 852 353 898 Quum
371 852 479 899 freta,
500 867 617 903 quum
635 856 755 891 terras
775 867 916 900 omnes,
935 856 997 891 tot
1016 854 1211 904 inhospita
1229 868 1318 893 saxa

225 905 427 955 Sideraque
447 920 606 944 emensae
625 907 803 953 ferimur3
832 907 923 944 dum
941 921 1008 957 per
1027 920 1129 944 mare
1148 921 1327 958 magnum

223 958 379 996 Italiam
398 960 589 1009 sequimur
606 961 828 1010 fugientem,
848 962 887 998 et
905 960 1093 998 volvimur
1111 961 1236 998 undis.

224 1012 302 1049 Hic
323 1012 458 1062 Erycis
478 1014 570 1051 fines
589 1014 757 1060 fraterni,
777 1016 890 1063 atque
908 1014 1044 1064 hospes
1064 1014 1244 1051 Acestes:

225 1065 327 1111 Quid
344 1066 520 1115 prohibet
538 1080 666 1105 muros
679 1067 815 1118 jacere,
837 1069 876 1104 et
895 1067 982 1104 dare
1001 1067 1145 1104 civibus
1164 1068 1297 1105 urbem
1312 1067 1329 1106 Ξ)

225 1118 258 1155 O
277 1119 411 1168 patria,
431 1122 469 1157 et
488 1121 589 1169 rapti
606 1120 860 1170 nequidquam
880 1134 924 1157 ex
942 1120 1053 1158 hoste
1072 1123 1240 1169 penates,

224 1171 390 1209 Nullane
403 1173 485 1223 jam
505 1173 625 1224 Trojae
645 1174 817 1211 dicentur
834 1173 1006 1211 moenia?
1034 1187 1222 1224 nusquam

225 1224 438 1263 Hectoreos
457 1240 597 1273 amnes,
616 1227 818 1264 Xanthum
837 1229 875 1264 et
895 1227 1102 1273 Simoenta,
1124 1227 1257 1265 videbo
1274 1227 1291 1266 Ρ

224 1277 326 1324 Quin
345 1279 459 1329 agite,
479 1282 517 1316 et
537 1293 685 1317 mecum
702 1280 885 1317 infaustas
904 1280 1049 1317 exurite
1067 1293 1223 1329 puppes.

223 1331 330 1368 Nam
348 1332 443 1369 mihi
463 1331 683 1370 Cassandrae
701 1347 768 1383 per
788 1346 965 1370 somnum
983 1333 1082 1369 vatis
1100 1333 1227 1383 imago

226 1384 416 1422 Ardentes
436 1386 522 1423 dare
541 1387 621 1423 visa
640 1387 748 1424 faces.
804 1386 882 1424 Hic
902 1386 1057 1435 quaerite
1076 1385 1252 1436 Trojam3

226 1437 305 1475 Hic
325 1438 458 1476 domus
478 1442 547 1485 est,
566 1440 703 1490 inquit,
721 1439 840 1477 vobis.
895 1439 921 1476 ,J
925 1452 986 1476 am
1004 1441 1156 1488 tempus
1175 1439 1237 1490 agi
1255 1452 1335 1486 res;

226 1491 268 1527 N
270 1504 310 1528 ec
329 1492 448 1529 tantis
467 1506 573 1530 mora
591 1493 784 1543 prodigiis.
839 1492 901 1529 En
921 1495 1083 1542 quatuor
1103 1505 1175 1528 arae

224 1543 422 1594 Neptuno.
478 1545 582 1583 Deus
602 1546 680 1596 ipse
698 1547 796 1583 faces
816 1545 1057 1594 animumque
1076 1545 1310 1582 ministrat.'’

227 1597 324 1635 Haec
342 1611 566 1646 memorans,
586 1600 708 1649 prima
725 1599 915 1636 infensum
932 1598 971 1635 vi
991 1598 1145 1647 corripit
1162 1598 1303 1648 ignem,

228 1650 460 1702 Sublataque
478 1653 608 1702 procul
627 1653 760 1690 dextra
778 1652 937 1690 connixa
955 1653 1138 1697 coruscat,

228 1703 284 1741 Et
296 1704 405 1754 jacit.
460 1706 628 1743 Arrectae
647 1708 805 1751 mentes,
825 1705 1108 1754 stupefactaque
1128 1704 1240 1741 corda

228 1756 406 1795 Iliadum.
462 1758 541 1796 Hic
559 1772 636 1796 una
653 1772 673 1796 e
691 1759 835 1805 multis,
855 1771 940 1808 quae
960 1757 1126 1794 maxima
1144 1760 1250 1804 natu,

228 1809 370 1860 Pyrgo,
389 1813 452 1849 tot
471 1812 615 1849 Priami
633 1814 811 1850 natorum
828 1811 932 1861 regia
949 1810 1100 1848 nutrix:

229 1865 250 1881 “
263 1864 355 1901 Non
374 1864 496 1902 Beroe
516 1866 634 1911 vobis,
654 1879 730 1903 non
748 1865 828 1902 haec
848 1864 1041 1910 Rhoeteia,
1060 1866 1213 1911 matres,

228 1915 303 1953 Est
324 1917 481 1968 Dorycli
500 1919 646 1968 conjux.
702 1918 835 1956 Divini
853 1918 962 1968 signa
979 1917 1134 1962 decoris,

229 1969 492 2020 Ardentesque
511 1975 643 2009 notate
662 1972 812 2018 oculos;
841 1971 905 2021 qui
924 1970 1078 2021 spiritus
1097 1969 1165 2016 illi,

231 2021 306 2067 Qui
323 2024 464 2070 vultus,
483 2025 632 2062 vocisve
651 2039 776 2071 sonus,
794 2024 856 2062 vel
874 2037 1024 2074 gressus
1043 2023 1163 2060 eunti.

230 2074 320 2124 Ipsa
338 2079 490 2126 egomet
509 2077 652 2114 dudum
672 2078 823 2115 Beroen
842 2077 1009 2127 digressa
1026 2075 1161 2124 reliqui

230 2127 401 2178 AEgram,
420 2130 694 2180 indignantem,
713 2131 783 2168 tali
801 2130 902 2179 quod
920 2129 998 2166 sola
1016 2130 1158 2165 careret

230 2181 403 2227 Munere,
422 2196 491 2220 nec
509 2183 664 2221 meritos
683 2183 860 2221 Anchisae
877 2182 1033 2219 inferret
1050 2180 1250 2218 honores.”

228 2234 325 2273 Haec
344 2236 468 2273 effata.

230 2289 287 2325 At
305 2290 446 2327 matres
463 2289 585 2339 primo
605 2289 787 2339 ancipites
807 2288 997 2338 oculisque
1014 2286 1191 2337 malignis

231 2341 433 2392 Ambiguae
452 2345 619 2392 spectare
637 2345 748 2389 rates,
767 2342 947 2379 miserum
964 2341 1066 2378 inter
1084 2353 1250 2378 amorem

232 2394 440 2433 Praesentis
459 2398 579 2442 terrae,
599 2396 760 2445 fatisque
778 2395 955 2433 vocantia
972 2407 1109 2444 regna:

234 2449 361 2496 Quum
381 2449 449 2486 dea
468 2463 506 2487 se
524 2449 675 2499 paribus
694 2463 760 2499 per
779 2448 916 2486 coelum
935 2447 1092 2485 sustulit
1111 2446 1190 2493 alis,

232 2501 512 2552 Ingentemque
530 2503 621 2552 fuga
639 2503 759 2540 secuit
779 2502 848 2539 sub
868 2501 1031 2539 nubibus
1051 2513 1192 2537 arcum.

233 2555 335 2592 Tum
351 2568 440 2593 vero
460 2556 637 2593 attonitae
655 2555 835 2593 monstris
855 2557 1025 2604 aotaeque
1045 2553 1169 2591 furore

233 2608 494 2658 Conclamant,
512 2609 739 2662 rapiuntque
757 2608 848 2647 focis
867 2607 1122 2659 penetralibus
1140 2606 1268 2658 ignem
1287 2624 1293 2630 ·
