1705 2744
658 97 847 124 AENEIDos
867 97 950 123 LIB.
972 97 1019 123 11.
1149 96 1152 102 ·
1401 88 1475 124 125

203 194 392 244 Namque,
412 196 457 231 ut
477 194 681 243 conspectu
699 193 739 229 in
757 192 881 230 medio
900 192 1089 238 turbatus,
1109 191 1263 229 inermis

204 248 403 294 Constitit,
423 249 536 297 atque
556 246 672 284 oculis
693 246 864 296 Phrygia
882 246 1035 296 agmina
1053 246 1340 296 circumspexit:

205 304 214 321 ‘
227 302 330 347 Heu,
351 315 433 351 quae
447 314 548 338 nunc
567 300 704 346 tellus,'
725 299 863 349 inquit,
884 302 892 318 ‘
906 313 988 349 quae
1004 313 1063 336 me
1079 313 1227 349 aequora
1245 303 1404 350 possunt

203 355 385 405 Accipere
401 354 417 392 Ρ
447 356 513 391 aut
533 353 624 404 quid
637 353 718 404 jam
736 353 873 390 misero
892 352 988 389 mihi
1007 353 1166 402 denique
1186 354 1337 391 restat?

203 407 276 445 0111
294 421 415 458 neque
434 407 534 457 apud
553 407 706 444 Danaos
725 420 886 457 usquam
904 406 1020 452 locus,
1041 408 1080 443 et
1100 420 1211 456 super
1229 406 1302 457 ipsi

202 461 431 499 Dardanidae
450 460 586 498 infensi
605 474 735 510 poenas
755 473 842 497 cum
861 460 1044 510 sanguine
1062 460 1249 509 poscunt.’

203 514 287 561 Quo
306 515 455 565 gemitu
474 514 644 552 conversi
662 513 789 559 animi,
810 527 1043 563 compressus
1064 515 1102 550 et
1122 514 1244 551 omnis

202 567 389 618 Impetus.
446 568 662 605 Hortamur
680 567 760 613 fari,
781 580 855 617 quo
875 566 1057 617 sanguine
1076 569 1213 613 cretus,

202 621 350 668 Quidve
369 622 488 667 ferat3
516 623 712 668 memoret,
733 634 815 670 quae
835 620 885 657 sit
904 620 1042 657 fiducia
1061 622 1182 669 capto.

202 674 274 712 Ille
292 675 388 721 haec,
408 675 579 725 deposita
596 674 753 711 tandem
772 673 982 719 formidine,
1002 674 1126 710 fatur:

255 731 277 747 “
291 732 298 747 ‘
313 728 463 765 Cuncta
481 728 654 778 equidem
673 727 757 773 tibi,
778 727 873 772 Rex,
889 726 1003 764 fuerit
1023 727 1296 777 quodcumque,
1316 727 1463 764 fatebor

200 781 324 827 Vera,'
346 782 493 832 inquit:
524 785 532 800 ‘
547 795 669 831 neque
690 794 749 818 me
768 779 949 830 Argolica
967 780 1012 817 de
1031 782 1146 830 gente
1166 781 1334 831 negabo:

200 835 290 872 Hoc
309 835 497 885 primum,
526 848 606 880 nec,
626 834 658 871 si
676 834 857 871 miserum
875 833 1029 871 fortuna
1048 833 1227 871 Sinonem

201 888 346 934 Finxit,
366 902 507 925 vanum
526 888 642 925 etiam
661 887 954 936 mendacemque
973 887 1145 937 improba
1164 888 1295 939 finget.

201 941 334 979 Fando
354 942 507 992 aliquod
525 941 557 978 si
575 942 674 978 forte
692 943 779 978 tuas
798 940 971 991 pervenit
991 941 1038 978 ad
1057 954 1163 979 aures

199 995 344 1032 Belidae
362 1008 501 1033 nomen
521 994 735 1031 Palamedis
754 996 793 1031 et
812 993 958 1044 inclyta
976 994 1078 1031 fama

200 1048 350 1086 Gloria:
381 1062 493 1098 quem
513 1048 605 1085 falsa
624 1048 693 1085 sub
712 1047 927 1098 proditione
947 1047 1098 1098 Pelasgi

200 1101 412 1148 Insontem,
431 1102 584 1139 infando
603 1101 754 1148 indicio,
775 1101 863 1151 quia
880 1101 981 1138 bella
999 1101 1166 1147 vetabat,

199 1155 397 1193 Demisere
415 1156 519 1202 neci3
548 1169 649 1192 nunc
669 1168 817 1192 cassum
836 1154 978 1191 lumine
997 1155 1131 1204 lugent
1147 1172 1154 1201 ;

198 1208 266 1245 Illi
283 1222 344 1247 me
364 1209 543 1246 comitem
562 1211 601 1246 et
621 1207 952 1258 consanguinitate
971 1208 1223 1258 propinquum

199 1262 348 1312 Pauper
366 1262 405 1299 in
425 1276 530 1299 arma
547 1264 655 1312 pater
673 1261 805 1312 primis
823 1261 898 1298 huc
917 1261 1023 1298 misit
1043 1262 1089 1299 ab
1109 1263 1215 1299 annis
1231 1280 1237 1299 :

198 1316 305 1352 Dum
324 1317 450 1353 stabat
469 1329 586 1366 regno
604 1315 816 1361 incolumis,
834 1328 1042 1366 regumque
1061 1315 1215 1365 vigebat

199 1369 386 1415 Consiliis,
405 1371 444 1407 et
463 1383 531 1406 nos
552 1369 703 1419 aliquod
721 1382 935 1418 nomenque
954 1369 1140 1418 decusque

199 1422 404 1460 Gessimus.
461 1423 612 1460 Invidia
630 1425 834 1473 postquam
852 1422 1002 1472 pellacis
1022 1422 1128 1459 Ulixi

202 1475 340 1525 (Haud
357 1477 491 1527 ignota
509 1476 659 1526 loquor)
684 1476 826 1526 superis
847 1476 1032 1513 concessit
1051 1477 1098 1513 ab
1118 1476 1191 1513 oris
1207 1493 1214 1513 z

200 1529 375 1567 Afflictus
395 1530 516 1567 vitam
533 1530 574 1566 111
592 1530 759 1567 tenebris
777 1530 959 1579 luctuque
977 1529 1188 1575 trahebam,

198 1582 254 1620 Et
273 1596 402 1620 casum
419 1583 581 1620 insontis
600 1597 750 1620 mecum
767 1583 992 1633 indignabar
1011 1583 1134 1620 amici.

198 1635 282 1673 Nec
300 1636 404 1673 tacui
423 1636 598 1683 demens3
627 1639 665 1673 et
684 1650 757 1682 me,
776 1637 852 1674 fors
872 1636 904 1673 si
923 1650 997 1686 qua
1014 1636 1177 1681 tulisset,

199 1689 240 1725 Si
257 1689 400 1739 patrios
419 1703 587 1739 unquam
605 1703 831 1727 remeassem
848 1690 972 1727 victor
991 1690 1038 1726 ad
1057 1690 1194 1739 Argos,

199 1742 364 1780 Promisi
381 1743 567 1788 ultorem;
596 1745 634 1780 et
653 1743 777 1780 verbis
796 1742 882 1779 odia
901 1756 1030 1792 aspera
1049 1743 1163 1779 movi.

198 1796 304 1833 Hinc
323 1796 419 1833 mihi
437 1796 559 1846 prima
576 1796 665 1833 mali
684 1796 808 1842 labes;
836 1796 925 1833 hinc
944 1809 1090 1846 semper
1109 1795 1239 1833 Ulixes

198 1848 430 1887 Criminibus
449 1852 589 1887 terrere
608 1849 715 1886 novis
731 1866 738 1896 3
765 1849 855 1886 hinc
874 1862 1047 1900 spargere
1065 1863 1174 1887 voces

198 1902 247 1938 In
266 1903 426 1953 vulgum
445 1903 653 1953 ambiguas,
673 1905 712 1940 et
732 1916 895 1952 quaerere
915 1903 1084 1940 conscius
1104 1916 1219 1940 arma.

197 1955 281 1993 Nec
300 1956 485 2006 requievit
505 1957 617 2003 enim,
638 1956 756 1994 donec
776 1956 983 1994 Calchante
1002 1956 1230 1994 ministro—

198 2009 272 2047 Sed
291 2010 382 2059 quid
400 2023 470 2060 ego
489 2010 569 2047 haec
589 2012 717 2047 autem
736 2010 990 2060 nequidquam
1008 2010 1160 2060 ingrata
1178 2009 1329 2047 revolvo
1345 2010 1361 2047 P

197 2063 345 2110 Quidve
363 2077 500 2110 moror,
521 2064 552 2100 51
571 2077 700 2101 01111105
719 2077 796 2101 uno
816 2064 945 2101 ordine
963 2063 1111 2101 habetis
1130 2063 1310 2110 Achivos,

197 2116 319 2167 quue
339 2117 466 2154 audire
485 2119 544 2154 sat
564 2119 622 2154 est
640 2117 656 2155 Ρ
679 2117 907 2167 jamdudum
927 2117 1065 2154 sumite
1085 2130 1236 2166 poenas:

196 2169 285 2208 Hoc
305 2170 465 2208 Ithacus
484 2170 589 2217 velit,
609 2173 648 2208 et
660 2184 806 2221 ‘magno
825 2172 1041 2208 mercentur
1060 2171 1232 2208 Atridae.²

196 2223 297 2260 Tum
314 2237 403 2262 vero
423 2225 596 2262 ardemus
616 2224 744 2262 scitari
763 2226 802 2262 et
822 2238 984 2273 quaerere
1004 2238 1145 2271 causas,

196 2275 329 2327 Ignari
347 2278 528 2315 scelerum
547 2280 745 2315 tantorum
764 2278 931 2328 artisque
951 2278 1132 2328 Pelasgae.

197 2329 445 2381 Prosequitur
462 2331 650 2382 pavitans,
670 2334 709 2369 et
728 2332 820 2369 ficto
838 2334 990 2381 pectore
1009 2331 1122 2368 fatur.

249 2386 270 2403 ‘⁶
288 2387 296 2403 ⁶
310 2384 414 2434 Saepe
433 2386 563 2436 sugam
582 2385 708 2422 Danai
726 2385 840 2436 Troja
859 2385 1006 2435 cupiere
1025 2385 1157 2422 relicta

197 2435 339 2484 Moliri,
359 2441 398 2475 et
416 2438 531 2490 longo
550 2439 638 2477 fessi
657 2438 845 2476 discedere
863 2438 973 2476 bello.

197 2489 467 2542 Fecissentque
485 2493 655 2530 utinam!
685 2506 781 2543 saepe
799 2492 883 2530 illos
903 2505 1033 2542 aspera
1050 2492 1160 2541 ponti

198 2542 420 2582 Inter-clusit
438 2546 572 2592 hiems,
592 2548 631 2584 et
649 2545 788 2583 terruit
808 2547 935 2583 auster
954 2548 1100 2583 euntes.

198 2595 402 2648 Praecipue,
422 2612 539 2650 quum
550 2599 634 2651 jam
651 2599 714 2637 hic
732 2599 904 2637 trabibus
924 2601 1125 2637 contextus
1144 2598 1287 2638 acernis
