1705 2744
563 97 803 125 GEOBGIOON
822 97 905 124 ΗΒ.
927 97 983 124 rv.
1358 87 1409 124 95

137 194 303 245 Altaque
323 193 489 244 Pangaea
507 195 546 231 et
565 192 686 231 Rhesi
705 192 900 230 Mavortia
917 192 1043 237 tellus,

138 249 267 299 Atque
288 248 397 285 Getae
416 249 530 298 atque
549 246 705 284 Hebrus
724 249 764 285 et
782 246 915 284 Actias
936 245 1125 296 Orithyia.

140 1112 229 1162 Ipse
249 1124 340 1149 cava
359 1111 482 1148 solans
501 1124 646 1162 aegrum
664 1110 858 1149 testudine
877 1123 1054 1155 amorem,

139 1165 206 1213 Te,
226 1165 345 1202 dulcis
364 1165 511 1216 conjux,
530 1168 571 1202 te
590 1164 669 1202 solo
687 1164 727 1201 in
745 1164 856 1202 litore
875 1177 1014 1210 secum,

141 1219 196 1257 Te
214 1218 390 1257 veniente
409 1219 480 1265 die,
498 1221 538 1256 te
558 1218 761 1256 decedente
781 1217 951 1255 canebat.

141 1272 334 1309 Taenarias
354 1272 470 1310 etiam
488 1272 624 1317 fauces,
645 1272 722 1309 alta
740 1271 839 1309 ostia
857 1270 974 1317 Ditis,

141 1325 196 1363 Et
216 1325 444 1376 caligantem
462 1325 571 1376 nigra
588 1325 789 1362 formidine
806 1325 938 1362 lucum

142 1379 353 1429 Ingressus,
372 1392 576 1428 manesque
595 1379 689 1416 adiit
707 1391 910 1430 regemque
928 1376 1182 1421 tremendum,

141 1432 354 1482 Nesciaque
372 1432 549 1470 humanis
567 1432 741 1482 precibus
760 1444 1020 1469 mansuescere
1039 1430 1161 1468 corda.

142 1486 200 1523 At
219 1488 335 1523 cantu
354 1488 553 1524 commotae
573 1486 690 1523 Erebi
708 1486 754 1524 de
773 1485 924 1523 sedibus
943 1484 1029 1521 imis

144 1538 300 1576 Umbrae
318 1539 426 1577 ibant
444 1542 590 1585 tenues,
611 1539 884 1588 simulacraque
903 1538 986 1575 luce
1006 1538 1225 1575 carentum:

145 1591 270 1638 Quam
289 1593 410 1629 multa
426 1593 466 1630 in
485 1592 583 1630 foliis
604 1593 731 1630 avium
751 1606 790 1630 se
808 1591 928 1629 millia
946 1591 1128 1635 condunt,

143 1645 288 1695 Vesper
306 1646 372 1683 ubi
391 1653 456 1683 aut
473 1646 652 1683 bibemus
673 1647 753 1696 agit
773 1646 818 1683 de
836 1644 1033 1682 montibus
1051 1643 1192 1680 imber:

145 1698 294 1736 Matres
313 1701 427 1748 atque
445 1699 528 1745 viri,
548 1699 798 1748 defunctaque
817 1711 972 1748 corpora
988 1697 1071 1734 vita

145 1750 442 1802 Magnanimum
459 1752 630 1798 heroum,
648 1753 767 1802 pueri,
786 1752 1032 1802 innuptaeque
1051 1749 1197 1800 puellae,

144 1803 399 1855 Impositique
418 1806 519 1856 rogis
532 1806 691 1857 juvenes
706 1808 794 1843 ante
815 1818 879 1843 ora
896 1806 1120 1854 parentum3

145 1857 249 1903 Quos
270 1858 413 1896 circum
429 1859 543 1896 limus
562 1859 670 1910 niger
688 1861 727 1897 et
746 1858 922 1896 deformis
942 1856 1086 1895 arundo

145 1910 283 1961 Cocyti
300 1912 483 1962 tardaque
502 1913 609 1963 palus
628 1912 839 1950 inamabilis
857 1911 961 1949 unda

143 1964 305 2014 Alligat,
326 1968 364 2003 et
383 1966 512 2004 novies
532 1966 628 2017 Styx
646 1966 831 2004 interfusa
848 1966 1006 2003 coercet.

147 2017 249 2064 Quin
268 2018 358 2069 ipsae
377 2021 556 2070 stupuere
576 2020 710 2057 domus
729 2021 845 2069 atque
864 2018 1001 2056 intima
1018 2016 1087 2054 leti

144 2071 316 2118 Tartara,
335 2073 587 2124 caeruleosque
605 2073 777 2122 implexae
795 2072 960 2110 crinibus
980 2083 1122 2121 angues

145 2124 388 2173 Eumenides,
406 2127 606 2177 tenuitque
623 2126 773 2164 inhians
791 2126 867 2164 tria
885 2125 1068 2163 Cerberus
1087 2136 1163 2170 ora,

145 2178 277 2229 Atque
297 2179 437 2217 Ixionii
454 2183 570 2218 vento
588 2182 674 2218 rota
692 2180 867 2218 constitit
886 2179 999 2217 orbis.

146 2230 312 2282 Jamque
330 2234 464 2283 pedem
482 2234 645 2272 referens
665 2247 772 2271 casus
792 2234 961 2271 evaserat
980 2244 1122 2276 omnes,

147 2284 386 2336 Redditaque
405 2287 595 2339 Eurydice
614 2301 767 2338 superas
785 2286 961 2325 veniebat
980 2285 1028 2322 ad
1047 2297 1168 2329 auras,

147 2337 251 2376 Pone
270 2353 428 2390 sequens
445 2357 453 2387 3
481 2355 644 2392 namque
663 2341 761 2379 hanc
781 2341 935 2378 dederat
955 2337 1181 2388 Proserpina
1198 2336 1344 2386 legem3

147 2390 276 2437 Quum
295 2394 423 2432 subita
440 2395 639 2433 incautum
658 2394 849 2432 dementia
867 2393 967 2443 cepit
986 2393 1190 2437 amantem,

148 2443 385 2494 Ignoscenda
403 2448 567 2498 quidem,
587 2449 727 2486 scirent
747 2448 778 2485 si
796 2448 989 2498 ignoscere
1009 2458 1136 2482 manes
1154 2460 1162 2481 ι

149 2496 323 2546 Restitit,
343 2501 637 2552 Eurydicenque
656 2515 765 2539 suam
778 2501 860 2552 jam
878 2500 961 2538 luce
981 2499 1051 2536 sub
1070 2498 1152 2548 ipsa

148 2549 354 2590 Immemor
371 2554 468 2593 heu!
496 2555 696 2606 victusque
715 2555 832 2592 animi
849 2553 1026 2604 respexit.
1082 2551 1145 2589 Ibi
1163 2549 1285 2588 omnis

148 2603 307 2643 Effusus
322 2606 438 2656 labor,
458 2610 573 2659 atque
591 2609 752 2647 immitis
770 2610 885 2659 rupta
902 2605 1059 2659 tyranni
