1705 2744
566 68 756 95 AENEIDOS
776 68 846 94 LIB
852 87 859 94 .
879 68 975 95 VIII.

134 165 193 202 Ut
210 165 309 202 bello
328 163 498 214 egregias
517 163 618 200 idem
639 162 827 213 disjecerit
846 163 970 207 urbes,

135 217 362 268 Trojamque
383 216 692 265 OEchaliamque;
720 219 765 253 ut
785 216 897 253 duros
916 216 1019 253 mille
1037 216 1183 253 labores

135 271 243 321 Rege
262 271 331 308 sub
352 270 582 320 Eurystheo,
604 269 691 306 fatis
711 269 737 305 J
741 269 876 306 unonis
895 269 1046 319 iniquae,

136 324 355 361 Pertulerit.
411 327 431 342 ‘⁸
445 323 505 359 Tu
524 322 744 372 nubigenas,
762 322 915 367 invicte,
935 323 1161 359 bimembres

135 377 393 427 Hylaeumque
414 376 652 425 Pholumque
672 389 787 412 manu
805 378 851 412 tu
870 375 998 413 Cresia
1017 381 1161 412 mactas

136 430 326 480 Prodigia,
347 432 386 467 et
405 432 556 466 vastum
578 428 716 466 Nemia
735 429 804 465 sub
824 442 915 478 rupe
936 429 1092 466 leonem.

135 483 191 521 Te
210 483 337 533 Stygii
355 486 542 520 tremuere
561 482 674 527 lacus,
694 485 733 519 te
747 482 891 532 janitor
911 482 999 519 Orci

136 536 232 574 Ossa
250 550 361 586 super
380 536 561 573 recubans
580 538 691 572 antro
711 548 854 572 semesa
872 539 1051 580 cruento;

135 589 219 627 Nec
237 592 277 627 te
296 589 383 626 ullae
402 589 526 634 facies,
546 602 622 625 non
641 588 780 625 terruit
799 589 878 638 ipse
898 588 1094 638 Typhoeus

135 643 290 680 Arduus
309 656 414 679 arma
431 646 588 687 tenens3
616 655 692 678 non
712 645 752 679 te
770 641 928 679 rationis
948 645 1125 691 egentem

136 696 318 733 Lernaeus
337 696 451 732 turba
469 695 636 745 capitum
657 695 911 732 circumstetit
930 695 1076 745 anguis.

136 749 256 795 Salve,
276 763 364 786 vera
383 748 410 785 J
413 749 493 786 ovis
512 749 645 798 proles,
665 748 778 785 decus
798 748 925 785 addite
945 749 1065 793 divis3

135 802 192 839 Et
210 816 279 840 nos
298 805 338 839 et
356 805 425 839 tua
444 802 575 839 dexter
595 801 654 838 adi
673 801 767 851 pede
787 814 891 838 sacra
909 801 1113 838 secundo.”

136 855 244 892 Talia
261 855 490 893 carminibus
510 855 721 892 celebrant:
751 868 863 904 super
882 855 1009 892 omnia
1028 854 1117 892 Caci

136 908 362 959 Speluncam
381 909 575 959 adjiciunt,
595 908 876 958 spirantemque
895 908 1046 958 ignibus
1065 908 1190 958 ipsum

137 961 331 999 Consonat
351 975 461 999 omne
480 975 614 999 nemus
634 962 809 1010 st1·epitU‚
830 962 1015 1010 collesque
1033 961 1233 999 resultant.

189 1015 292 1052 Exin
311 1029 349 1053 se
369 1015 497 1052 cuncti
516 1014 653 1052 divinis
672 1015 783 1052 rebus
803 1015 849 1051 ad
868 1015 1001 1052 urbem

137 1068 320 1106 Perfectis
340 1069 520 1106 referunt.
577 1068 666 1105 Ibat
685 1081 750 1105 rex
770 1068 916 1105 obsitus
935 1081 1028 1113 aevo,

136 1122 192 1159 Et
211 1122 391 1159 comitem
410 1121 559 1158 AEnean
573 1121 686 1171 juxta
704 1124 912 1171 natumque
932 1122 1088 1158 tenebat

136 1175 373 1225 Ingrediens,
392 1175 569 1224 varioque
589 1175 688 1211 viam
709 1188 879 1211 sermone
899 1174 1061 1212 levabat.

136 1228 317 1275 Miratur,
336 1228 536 1278 facilesque
555 1228 683 1265 oculos
702 1228 776 1264 fert
796 1227 923 1264 onmia
941 1228 1083 1265 circum

136 1281 290 1327 AEneas‚
310 1281 532 1332 capiturque
552 1281 666 1326 locis3
695 1284 734 1318 et
754 1281 905 1331 singula
922 1280 1035 1318 laetus

136 1335 391 1384 Exquiritque
411 1335 591 1384 auditque
610 1334 733 1371 virum
754 1337 1003 1372 monumenta
1021 1334 1201 1384 priorum.

137 1388 237 1425 Tum
255 1401 320 1425 rex
340 1388 554 1433 Evandrus,
574 1387 761 1425 Romanae
781 1388 955 1425 conditor
974 1389 1090 1425 arcis:

138 1445 158 1460 “
172 1441 270 1479 Haee
290 1455 444 1479 nemora
462 1441 652 1491 indigenae
674 1441 798 1478 Fauni
814 1441 1083 1491 Nympbaeque
1102 1441 1297 1486 tenebant,

138 1494 315 1543 Gensque
333 1495 459 1531 virum
477 1494 623 1531 truncis
643 1496 681 1531 et
701 1494 795 1531 duro
814 1495 946 1531 robore
966 1498 1077 1531 nata:

139 1547 253 1593 Queis
272 1561 392 1597 neque
407 1561 489 1584 mos
503 1561 624 1596 neque
644 1547 769 1584 cultus
788 1550 891 1592 erat;
920 1561 988 1584 nec
1002 1548 1163 1597 jungere
1181 1548 1324 1592 tauros,

139 1600 221 1637 Aut
240 1613 462 1650 componere
482 1614 570 1649 opes
590 1603 739 1645 norant,
760 1602 827 1637 aut
846 1613 996 1649 parcere
1015 1606 1146 1650 parto:

140 1653 212 1690 Sed
231 1654 327 1690 rami
346 1656 460 1703 atque
480 1666 587 1702 asper
606 1653 712 1690 victu
731 1656 891 1690 venatus
911 1653 1048 1690 alebat.

139 1706 292 1743 Primus
312 1707 358 1743 ab
378 1706 532 1743 aetherio
551 1706 657 1743 Venit
677 1706 864 1743 Saturnus
884 1706 1062 1756 Olympo,

138 1760 259 1796 Arma
277 1759 387 1796 Jovis
406 1759 554 1809 fugiens
574 1761 612 1796 et
631 1759 757 1809 regnis
777 1759 881 1796 exsul
900 1759 1073 1797 ademtis.

140 1812 181 1849 Is
199 1826 320 1862 genus
338 1812 499 1850 indocile
519 1826 560 1849 ac
580 1812 790 1862 dispersum
809 1813 1004 1850 montibus
1025 1813 1112 1850 altis

141 1865 377 1916 Composuit,
396 1866 571 1916 legesque
591 1866 707 1911 dedit,
727 1865 958 1915 Latiumque
976 1866 1103 1903 vocari

140 1919 294 1965 Maluit,
315 1919 374 1955 his
394 1919 571 1969 quoniam
591 1919 765 1956 latuisset
784 1922 895 1956 tutus
913 1919 954 1956 iu
973 1919 1059 1956 oris.

140 1973 267 2010 Aurea
286 1984 371 2022 quae
389 1972 602 2022 perhibent,
621 1972 685 2009 illo
706 1972 775 2008 sub
794 1986 882 2022 rege
900 1973 1055 2009 fuerunt

141 2025 304 2063 Saecula:
333 2025 386 2062 sic
406 2025 552 2075 placida
569 2025 727 2075 populos
746 2025 785 2061 in
805 2039 894 2075 pace
913 2026 1092 2075 regebat3

140 2078 319 2116 Deterior
337 2079 454 2116 donec
474 2078 659 2128 paulatim
679 2092 721 2116 ac
742 2078 891 2116 decolor
910 2083 1002 2116 aetas

141 2131 196 2169 Et
214 2132 305 2170 belli
323 2132 443 2169 rabies
463 2135 502 2169 et
521 2145 627 2169 amor
646 2132 827 2169 successit
846 2132 1023 2169 habendi.

141 2184 242 2222 Tum
260 2199 394 2222 manus
414 2185 584 2223 Ausonia
602 2187 641 2222 et
660 2188 793 2235 gentes
812 2199 946 2223 venere
966 2185 1131 2232 Sicanae3

142 2237 286 2288 Saepius
305 2242 344 2276 et
362 2252 501 2276 nomen
519 2239 648 2298 posuit
668 2239 846 2276 Saturnia
863 2239 988 2276 tellus.

143 2290 242 2328 Tum
260 2305 379 2342 reges,
399 2305 579 2342 asperque
597 2292 756 2329 immani
774 2305 927 2352 corpore
947 2291 1126 2342 Thybris,

142 2344 179 2380 A
197 2358 271 2394 quo
290 2349 377 2394 post
397 2345 489 2383 Itali
507 2345 667 2382 fluvium
686 2345 910 2395 cognomine
929 2345 1013 2395 Th)
1021 2345 1119 2382 brim

143 2396 341 2444 Diximus3
369 2398 497 2436 amisit
515 2412 648 2436 verum
666 2401 776 2435 vetus
795 2399 936 2435 Albula
953 2411 1104 2436 nomen.

143 2449 211 2487 Me
228 2451 380 2499 pulsum
397 2451 532 2501 patria,
550 2451 748 2502 pelagique
768 2455 937 2489 extrema
955 2453 1187 2501 sequentem,

145 2502 317 2541 Fortuna
335 2505 575 2555 omnipotens
594 2507 634 2542 et
652 2504 893 2542 ineluctabile
911 2505 1035 2541 fatum

144 2554 219 2592 His
237 2569 392 2607 posuere
409 2558 524 2605 loeis;
552 2557 758 2608 matrisque
778 2571 887 2608 egere
904 2557 1103 2595 tremenda

1329 59 1408 96 283
