1705 2744
629 97 817 125 AENEIDOS
837 97 919 124 LIB.
940 96 969 123 1.

169 192 255 230 Sive
274 194 443 231 extrema
460 192 552 243 pati,
571 206 640 230 nec
653 192 735 243 jam
753 192 926 230 exaudire
945 194 1112 230 vocatos,

168 246 362 297 Praecipue
380 246 463 296 pius
483 246 634 293 AEneas,
653 259 754 283 nunc
773 246 867 284 acris
887 246 1035 292 Oronti,

168 299 283 337 Nunc
302 299 442 350 Amyci
461 313 588 336 casum
607 300 729 349 gemit
748 302 787 336 et
807 299 970 336 crudelia
989 313 1116 336 secum

169 352 268 390 Fata
286 353 394 404 Lyci,
412 352 624 403 fortemque
645 352 768 402 Gyan,
787 352 998 403 fortemque
1019 351 1262 390 Cloanthum.

220 405 276 443 Et
289 408 371 457 jam
389 406 475 443 finis
495 408 576 443 erat
592 422 600 443 :
630 419 748 456 quum
768 405 922 456 Jupiter
941 406 1080 443 aethere
1100 419 1246 443 summo

167 458 390 509 Despiciens
408 473 510 497 mare
529 459 734 497 velivolum
752 461 945 509 terrasque
958 459 1140 510 jacentes,

166 510 375 563 Litoraque
394 515 433 550 et
451 513 549 550 latos
567 513 737 563 populos,
757 512 810 550 sic
827 513 968 550 vertice
988 512 1073 550 coeh'

167 564 366 613 Constitit,
387 568 425 604 et
444 565 576 616 Libyae
596 566 726 603 defixit
744 565 890 603 lumina
906 566 1045 616 regnis.

166 619 296 669 Atque
314 619 423 657 illum
441 619 537 657 tales
551 620 764 670 jactantem
781 621 933 669 pectore
953 632 1071 665 curas,

167 671 331 710 Tristior
350 675 388 710 et
407 672 570 710 lacrimis
591 673 717 710 oculos
737 673 879 710 suffusa
895 672 1064 710 nitentes

166 725 387 776 Alloquitur
406 726 556 764 Venus:
587 729 607 745 “
622 726 654 763 O
675 726 739 776 qui
757 739 815 762 res
833 725 1105 775 hominumque
1125 725 1310 776 deumque

166 778 336 816 AEternis
354 780 454 830 regis
472 779 650 829 imperiis,
670 782 710 816 et
727 778 885 816 fulmine
903 781 1035 825 terres,

166 831 267 878 Quid
285 846 390 870 meus
410 833 549 870 AEneas
568 832 608 869 in
626 835 666 869 te
681 832 920 870 committere
939 835 1104 877 tantum,
1170 868 1172 870 ,

166 885 267 931 Quid
286 886 404 924 Troes
423 888 591 936 potuere,
612 885 758 935 quibus,
777 888 839 923 tot
858 885 989 923 funera
1008 886 1138 936 passis,

165 938 337 976 Cunctus
356 940 404 977 ob
423 939 580 976 Italiam
597 941 785 976 terrarum
804 939 992 976 clauditur
1011 939 1110 977 orbis
1126 939 1143 977 Ρ

165 991 278 1029 Certe
296 992 385 1030 hinc
404 992 598 1030 Romanos
617 992 720 1039 olim,
738 992 979 1030 volventibus
999 993 1118 1039 annis,

164 1045 271 1082 Hinc
289 1045 368 1083 fore
387 1046 573 1093 ductores,
593 1048 768 1083 revocato
789 1059 810 1083 a
828 1046 1011 1096 sanguine
1031 1046 1178 1092 Teucri,

165 1098 240 1144 Quj
258 1112 372 1145 mare,
393 1099 457 1150 qui
475 1101 594 1137 terras
614 1099 719 1137 omni
737 1099 880 1137 ditione
898 1102 1085 1145 tenerent,

165 1151 365 1190 Pollicitus
380 1169 387 1190 :
417 1166 500 1203 quae
518 1155 570 1199 te,
589 1153 752 1203 genitor,
772 1152 962 1190 sententia
979 1153 1097 1189 vertit
1112 1152 1129 1190 P

164 1204 253 1243 Hoc
273 1206 446 1255 equidem
465 1220 639 1244 occasum
659 1206 781 1257 Trojae
800 1206 1004 1256 tristesque
1023 1205 1151 1243 ruinas

165 1257 331 1306 solabar,
350 1259 439 1297 fatis
459 1260 648 1297 contraria
665 1260 746 1297 fata
763 1259 982 1309 rependens.

163 1311 280 1350 Nunc
300 1313 430 1350 eadem
448 1313 602 1350 fortuna
619 1313 719 1350 viros
738 1315 800 1350 tot
820 1313 966 1350 casibus
986 1314 1091 1350 actos

165 1365 397 1416 Insequitur.
454 1367 575 1413 Quem
595 1367 661 1404 das
680 1367 807 1413 finem,
826 1380 891 1404 rex
910 1379 1059 1416 magne,
1079 1364 1282 1403 laborum?

164 1419 338 1457 Antenor
355 1420 495 1470 potuit,
514 1420 646 1458 mediis
665 1419 812 1470 elapsus
831 1419 1000 1465 Achivis,

165 1471 338 1522 Illyricos
356 1476 552 1523 penetrare
571 1474 674 1510 sinus
693 1477 807 1524 atque
825 1473 962 1510 intima
979 1474 1090 1510 tutus

164 1524 302 1575 Regna
319 1526 586 1573 Liburnorum,
606 1530 645 1564 et
665 1527 811 1565 fontem
830 1540 1003 1576 superare
1023 1525 1184 1571 Timavi,

166 1578 279 1616 Unde
296 1593 363 1629 per
382 1593 446 1617 ora
463 1594 599 1618 novem
618 1582 726 1618 vasto
746 1594 833 1617 cum
851 1593 1044 1617 murmure
1062 1579 1205 1616 montis

166 1631 208 1669 It
226 1645 332 1669 mare
350 1636 588 1683 proruptum,
608 1636 647 1671 et
665 1634 798 1684 pelago
817 1633 956 1683 premit
977 1646 1065 1670 arva
1085 1631 1247 1669 sonanti.

165 1685 244 1723 Hic
263 1688 393 1723 tamen
411 1687 472 1724 ille
491 1687 623 1724 urbem
642 1687 779 1724 Patavi
798 1686 976 1736 sedesque
995 1685 1135 1723 locavit

165 1739 409 1786 Teucrorum,
429 1742 468 1777 et
487 1740 594 1790 genti
611 1753 750 1777 nomen
769 1739 885 1786 dedit,
905 1752 1082 1789 armaque
1101 1739 1186 1776 fixit

165 1792 301 1839 Troia3
329 1806 430 1830 nunc
449 1793 594 1843 placida
613 1795 830 1843 compostus
848 1806 938 1843 pace
958 1792 1139 1842 quiescit:

165 1845 261 1892 Nos,
280 1848 349 1883 tua
366 1846 574 1896 progenies,
595 1847 679 1884 coeli
697 1847 832 1897 quibus
852 1846 986 1884 annuis
1006 1859 1141 1892 arcem,

166 1899 351 1946 Navibus,
369 1900 567 1937 infandum
582 1901 589 1937 ἱ
618 1899 775 1946 amissis,
794 1900 906 1937 unius
926 1900 974 1937 ob
992 1899 1089 1936 iram

166 1952 379 1999 Prodimur,
400 1956 513 2003 atque
533 1953 644 1991 Italis
662 1953 774 2004 longe
794 1952 1046 2003 disjungimur
1064 1952 1150 1990 oris.

165 2005 243 2043 Hie
261 2006 415 2056 pietatis
433 2007 555 2044 honos
570 2006 588 2044 P
617 2006 669 2044 sic
687 2020 756 2044 nos
775 2006 814 2043 in
833 2009 982 2056 sceptra
998 2005 1147 2056 reponis
1162 2005 1179 2044 Ρ

217 2059 295 2097 Olli
313 2060 508 2098 subridens
527 2060 727 2098 hominum
745 2062 848 2098 sator
867 2063 980 2110 atque
1000 2059 1156 2097 deorum

163 2112 288 2150 Vultu
306 2127 380 2164 quo
399 2114 536 2151 coelum
554 2115 876 2164 tempestatesque
894 2115 1054 2160 serenat,

164 2166 301 2205 Oscula
318 2167 454 2205 libavit
472 2169 573 2204 natae
588 2183 595 2213 3
626 2167 762 2205 dehinc
780 2167 873 2205 talia
890 2167 1014 2204 fatur:

164 2223 186 2239 “
198 2220 316 2259 Parce
335 2223 453 2268 metu,
473 2220 686 2271 Cytherea3
713 2223 870 2258 manent
888 2220 1049 2258 immota
1065 2221 1222 2257 tuorum

165 2273 264 2311 Fata
280 2274 353 2312 tibi
370 2290 378 2321 ;
407 2288 534 2312 cernes
553 2275 686 2312 urbem
704 2276 744 2312 et
762 2274 947 2325 promissa
965 2272 1103 2310 Lavini

163 2326 316 2374 Moenia,
336 2327 610 2378 sublimemque
629 2328 724 2366 feres
744 2328 793 2365 ad
811 2327 933 2366 sidera
951 2326 1036 2364 coeli

165 2379 458 2431 Magnanimum
476 2381 647 2429 AEnean3
675 2395 796 2432 neque
815 2394 876 2418 me
896 2379 1088 2419 sententia
1105 2379 1236 2417 vertit.

164 2431 367 2472 Hic—tibi
384 2435 490 2472 fabor
508 2435 621 2482 enim,
641 2435 791 2485 quando
809 2435 890 2472 haec
909 2436 949 2472 te
968 2447 1057 2471 cura
1075 2433 1277 2479 remordet,

168 2484 336 2537 Longius
355 2490 394 2525 et
412 2489 567 2526 volvens
586 2489 754 2526 fatorum
773 2501 909 2526 arcana
926 2487 1140 2525 movebo—-

167 2537 317 2577 Bellum
333 2540 467 2592 ingens
486 2544 593 2592 geret
613 2542 740 2588 Italia,
757 2541 991 2592 populosque
1009 2540 1149 2577 feroces

167 2590 407 2642 Contundet3
435 2608 630 2645 moresque
648 2595 739 2633 viris
758 2597 798 2633 et
816 2594 957 2632 moenia
973 2595 1102 2644 ponet,

1358 86 1434 126 107
