1674 2775
221 109 298 147 318
627 115 662 141 P.
682 114 870 142 VIRGILII
889 115 1077 143 MARONIS

224 964 410 1002 Verberat
428 964 549 1002 imber
566 964 750 1011 humum;
779 978 892 1015 quam
910 965 1034 1002 multa
1052 966 1235 1016 grandine
1255 966 1376 1004 nimbi

223 1017 273 1055 In
292 1018 389 1055 vada
406 1018 657 1068 praecipitant,
677 1032 795 1068 quum
814 1019 968 1069 Jupiter
987 1019 1162 1056 horridus
1181 1021 1318 1058 austris

224 1071 395 1121 Torquet
414 1085 594 1120 aquosam
612 1071 787 1118 hiemem,
808 1075 847 1109 et
867 1073 958 1109 coelo
974 1086 1064 1110 cava
1082 1072 1214 1111 nubila
1231 1073 1386 1125 rumpit.

277 1124 474 1162 Pandarus
495 1128 533 1162 et
553 1125 688 1171 Bitias,
709 1125 816 1162 Idaeo
837 1126 1023 1163 Alcanore
1043 1126 1148 1172 creti,

223 1177 327 1224 Quos
347 1178 375 1215 J
378 1178 457 1216 ovis
477 1178 608 1215 eduxit
627 1179 711 1216 luco
731 1179 912 1216 silvestris
934 1179 1043 1225 Iaera,

221 1231 425 1268 Abietibus
440 1231 598 1282 juvenes
617 1232 750 1282 patriis
770 1234 808 1269 et
827 1232 1022 1270 montibus
1043 1245 1182 1282 aequos,

221 1283 392 1330 Portam,
413 1297 497 1334 quae
517 1285 621 1322 ducis
640 1285 796 1335 imperio
816 1285 1026 1331 commissa,
1044 1286 1244 1322 recludunt

220 1336 330 1375 Freti
349 1338 474 1383 armis,
493 1338 670 1388 ultroque
688 1338 855 1376 invitant
875 1339 1062 1375 moenibus
1082 1338 1243 1376 hostem.

221 1389 303 1440 Ipsi
321 1391 426 1428 intus
447 1392 580 1428 dextra
598 1405 640 1428 ac
660 1391 759 1428 laeva
777 1405 844 1441 pro
863 1392 1033 1429 turribus
1053 1392 1207 1429 adstant

219 1444 502 1490 Armati‘ferro,
522 1447 561 1482 et
581 1444 704 1482 cristis
724 1445 849 1494 capita
867 1445 945 1482 alta
963 1445 1129 1491 corusci3

218 1496 355 1543 Quales
376 1497 487 1534 aeriae
508 1497 693 1547 liquentia
711 1497 868 1534 flumina
887 1498 1039 1544 circum,

219 1549 306 1587 Sive
327 1550 423 1587 Padi
442 1550 532 1600 ripis
552 1550 732 1588 Athesim
752 1564 817 1587 seu
835 1554 990 1600 propter
1009 1563 1213 1597 amomum,

218 1603 466 1654 Consurgunt
485 1603 645 1654 geminae
667 1617 835 1653 quercus,
854 1604 1080 1654 intonsaque
1099 1604 1193 1641 coelo

216 1657 417 1694 Attollunt
437 1657 572 1706 capita,
592 1659 631 1694 et
650 1657 803 1694 sublimi
821 1657 962 1694 vertice
980 1659 1132 1694 nutant.

217 1709 457 1760 Erumpunt,
477 1710 603 1747 aditus
623 1710 761 1747 Rutuli
779 1712 824 1747 ut
842 1710 968 1747 videre
986 1712 1173 1760 patentes.

217 1762 410 1801 Continuo
430 1764 631 1810 Quercens,
651 1766 690 1800 et
708 1764 864 1813 pulcher
885 1763 1090 1813 Aquicolus
1109 1763 1234 1810 armis,

216 1816 272 1853 Et
291 1829 458 1867 praeceps
478 1817 595 1853 animi
614 1817 786 1863 Tmarus,
807 1819 845 1854 et
865 1817 1081 1854 Mavortius
1101 1816 1278 1862 Haemon,

216 1870 447 1919 Agminibus
467 1870 561 1907 totis
581 1872 647 1907 aut
666 1870 764 1907 versi
782 1872 892 1920 terga
910 1870 1054 1916 dedere,

217 1924 300 1960 Aut
319 1923 400 1973 ipso
419 1926 542 1973 portae
560 1936 716 1973 posuere
735 1923 776 1960 in
794 1923 925 1960 limine
943 1923 1075 1960 vitam.

217 1976 318 2013 Tum
337 1976 458 2026 magis
477 1976 694 2014 increscunt
713 1976 848 2013 animis
868 1977 1100 2014 discordibus
1118 1976 1198 2022 irae,

217 2029 273 2066 Et
286 2029 368 2079 jam
388 2029 537 2067 collecti
557 2030 676 2067 Troes
695 2030 956 2080 glomerantur
976 2030 1118 2075 eodem,

217 2082 273 2119 Et
293 2082 459 2120 conferre
478 2096 635 2119 manum
654 2085 693 2119 et
712 2097 927 2132 procurrere
945 2083 1095 2133 longius
1115 2082 1266 2120 audent.

271 2135 435 2173 Ductori
454 2135 596 2182 Turno,
616 2135 763 2173 diversa
780 2136 820 2173 in
839 2139 946 2186 parte
966 2136 1108 2173 furenti

217 2189 480 2239 Turbantique
497 2189 610 2235 viros,
627 2189 814 2239 perfertur
833 2190 1003 2235 nuncius,
1022 2189 1174 2225 hostem

217 2242 380 2280 Fer-vere
399 2242 500 2279 caede
519 2255 628 2288 nova,
648 2244 687 2279 et
706 2244 834 2292 portas
854 2242 1017 2292 praebere
1035 2244 1222 2291 patentes.

217 2295 371 2333 Deserit
389 2295 596 2345 inceptum,
616 2297 729 2345 atque
747 2295 905 2332 immani
925 2295 1096 2332 concitus
1115 2294 1171 2331 ira

217 2348 451 2386 Dardaniam
470 2348 548 2385 ruit
567 2348 615 2385 ad
632 2351 783 2398 portam
801 2348 1010 2398 fratresque
1030 2348 1231 2397 superbos:

217 2402 273 2439 Et
292 2401 458 2452 primum
477 2401 730 2451 Antiphaten,
749 2402 780 2438 is
800 2401 901 2438 enim
920 2414 958 2438 se
977 2401 1120 2451 primus
1140 2400 1288 2451 agebat,

218 2455 400 2493 Thebana
419 2454 464 2492 de
482 2457 605 2492 matre
624 2455 788 2492 nothum
808 2454 1030 2504 Sarpedonis
1051 2454 1130 2500 alti,

218 2507 400 2558 Conjecto
420 2508 558 2545 sternit
571 2508 719 2559 jaculo:
747 2508 852 2545 volat
871 2507 974 2544 Itala
992 2520 1127 2545 cornus

218 2562 322 2599 Aera
338 2574 405 2611 per
423 2563 609 2606 tenerum,
630 2561 899 2611 stomachoque
917 2560 1034 2598 infixa
1052 2560 1122 2597 sub
1142 2559 1265 2596 altum

218 2614 358 2652 Pectus
378 2614 480 2661 abit3
507 2615 633 2652 reddit
653 2628 783 2665 specus
803 2615 877 2652 atri
894 2613 1059 2652 vulneris
1077 2613 1219 2650 undam
