1674 2775
203 89 282 127 360
602 101 637 127 P.
658 101 846 128 VIRGILII
864 101 1054 130 MARoms

203 193 277 232 Seu
296 194 420 244 plures
439 194 625 245 complere
643 196 793 234 valent:
815 196 918 248 jacet
938 199 1060 236 omnis
1079 199 1127 236 ad
1145 200 1287 238 undam

202 246 404 295 Materies3
428 247 500 299 ipsi
518 262 792 300 numerumque
817 251 1046 301 modumque
1065 252 1199 290 carinis

201 299 453 351 Praecipiant3
482 315 550 339 nos
569 316 653 348 aera,
674 317 819 349 manus,
838 305 986 342 navalia
1004 305 1148 343 demus.

202 352 403 401 Praeterea,
423 355 487 405 qui
507 355 609 393 dicta
626 356 750 393 ferant
769 360 808 394 et
827 357 968 395 foedera
986 358 1151 406 firment,

202 405 368 445 Centum
388 410 553 446 oratores
572 409 694 459 prima
713 409 759 447 de
778 413 893 460 gente
911 410 1072 449 Latinos

198 1155 262 1193 Ire
280 1155 415 1206 placet,
434 1155 610 1205 pacisque
628 1169 744 1193 manu
763 1157 983 1206 pretendere
1001 1170 1147 1204 ramos3

198 1209 364 1247 Munera
381 1211 577 1259 portantes
597 1209 750 1259 aurique
769 1210 965 1260 eborisque
983 1210 1130 1248 talenta

198 1262 254 1300 Et
273 1263 402 1300 sellam
421 1263 529 1313 regni
546 1263 790 1312 trabeamque
809 1263 974 1313 insignia
992 1263 1125 1301 nostri.

198 1315 394 1353 Consulite
412 1316 453 1353 in
471 1315 650 1362 medium,
669 1319 708 1353 et
727 1317 837 1353 rebus
856 1316 1059 1353 succurrite
1077 1316 1226 1354 fessis.⁷’

251 1369 353 1406 Tum
371 1369 552 1415 Drances,
570 1369 671 1406 idem
689 1369 868 1415 infensus,
889 1383 1000 1419 quem
1019 1369 1140 1419 gloria
1159 1370 1279 1407 Turni

199 1421 364 1472 Obliqua
382 1422 525 1459 invidia
543 1422 780 1472 stimulisque
799 1423 971 1474 agitabat
990 1423 1137 1468 amaris,

197 1474 346 1525 Largus
366 1489 481 1525 opum
500 1477 539 1512 et
557 1475 688 1526 lingua
706 1475 847 1521 melior,
868 1476 932 1513 sed
950 1476 1087 1526 frigida
1105 1476 1202 1514 bello

196 1528 377 1575 Dextera,
397 1528 559 1566 consiliis
578 1528 732 1565 habitus
751 1542 827 1566 non
846 1529 967 1566 futilis
987 1531 1129 1576 auctor,

198 1581 391 1619 Seditione
410 1584 719 1632 potens—genus
738 1582 827 1619 huic
845 1584 1019 1619 materna
1037 1582 1241 1632 superbum

196 1634 390 1673 Nobilitas
410 1635 536 1681 dabat,
554 1635 743 1672 incertum
762 1635 808 1672 de
826 1638 934 1685 patre
952 1635 1150 1672 ferebat—

197 1687 342 1739 Surgit,
361 1691 401 1726 et
419 1688 479 1725 his
499 1691 630 1726 onerat
650 1688 761 1726 dictis
781 1690 894 1737 atque
913 1691 1071 1739 aggerat
1089 1689 1185 1726 iras:

251 1744 272 1760 “
288 1741 388 1779 Rem
407 1741 502 1778 nulh'
522 1742 730 1787 obscuram,
750 1744 891 1779 nostrae
909 1756 978 1779 nec
996 1742 1098 1779 vocis
1117 1744 1303 1792 egentem,

199 1794 385 1841 Consulis,
405 1808 427 1832 o
446 1795 543 1832 bone
560 1808 636 1832 rex.
694 1794 832 1832 Cuncti
852 1809 891 1832 se
910 1795 1002 1833 scire
1021 1795 1203 1842 fatentur,

198 1848 299 1894 Quid
317 1849 471 1886 fortuna
488 1848 585 1885 ferat
604 1848 733 1898 populi
750 1865 758 1894 ;
786 1848 851 1886 sed
870 1848 991 1886 dicere
1010 1851 1194 1886 mussant.

197 1901 278 1939 Det
296 1902 514 1939 libertatem
532 1901 648 1947 fandi,
667 1902 854 1952 flatusque
873 1902 1059 1948 remittat,

199 1953 316 2005 Cujus
336 1955 384 1992 ob
404 1955 612 2005 auspicium
631 1955 842 1992 infaustum
861 1969 1059 2005 moresque
1079 1955 1307 1992 sinistros—

197 2007 335 2045 Dicam
355 2008 539 2057 equidem,
558 2008 648 2045 licet
667 2021 771 2045 arma
789 2008 883 2045 mihi
903 2012 1139 2058 mortemque
1157 2008 1376 2046 minetur-

198 2060 364 2098 Lumina
381 2064 443 2099 tot
463 2061 637 2099 cecidisse
657 2061 807 2108 ducum,
827 2064 1026 2112 totamque
1044 2062 1216 2099 videmus

199 2113 420 2152 Consedisse
439 2115 573 2152 urbem
591 2115 710 2160 luctu,
730 2115 821 2152 dum
841 2115 955 2152 Troia
973 2118 1101 2153 tentat

199 2167 345 2214 Castra,
363 2167 463 2218 fugae
481 2168 611 2214 fidens,
632 2170 671 2205 et
690 2168 826 2205 coelum
846 2169 1000 2205 territat
1019 2168 1145 2205 armis.

197 2220 331 2258 Unum
350 2221 467 2258 etiam
486 2221 593 2258 donis
612 2221 708 2267 istis,
728 2235 809 2271 quae
827 2221 990 2271 plurima
1009 2221 1113 2258 mitti

197 2273 426 2311 Dardanidis
446 2274 592 2324 dicique
605 2274 728 2324 jubes,
746 2288 877 2320 unum,
897 2274 1040 2324 optime
1058 2287 1204 2324 regum,

198 2327 365 2378 Adjicias
381 2343 388 2373 ;
416 2340 485 2365 nec
503 2330 543 2365 te
561 2327 675 2364 ullius
694 2327 876 2364 violentia
893 2328 1033 2373 vincat,

198 2380 299 2427 Quin
319 2382 449 2417 natam
468 2381 619 2431 egregio
638 2393 775 2431 genero
795 2380 993 2430 dignisque
1011 2379 1218 2430 hymenaeis

198 2433 290 2480 Des,
308 2436 427 2484 pater,
447 2436 486 2471 et
504 2447 635 2484 pacem
654 2434 751 2471 hanc
771 2436 912 2471 aeterno
931 2434 1069 2471 foedere
1084 2433 1235 2483 jungas.

199 2486 310 2533 Quod
329 2487 361 2524 si
378 2489 511 2524 tantus
530 2487 646 2525 habet
664 2489 811 2524 mentes
831 2489 870 2524 et
888 2490 1041 2537 pectora
1059 2490 1192 2532 terror,

197 2539 332 2590 Ipsum
352 2541 597 2586 obtestemur,
616 2540 839 2590 veniamque
859 2553 1008 2578 oremus
1028 2541 1074 2578 ab
1095 2539 1200 2589 ipso;

199 2592 331 2641 Cedat,
344 2593 408 2644 jus
426 2594 620 2645 proprium
638 2594 719 2644 regi
736 2593 942 2644 patriaeque
960 2594 1148 2631 remittat.
