1705 2744
628 84 794 112 AENEIDO
800 85 818 111 S
838 84 908 111 ΠΒ
915 103 922 111 .
941 85 1018 112 vn.

187 181 288 219 Belli
307 180 466 218 ferratos
485 179 591 230 rupit
611 179 791 217 Saturnia
808 182 948 230 postes.

187 235 310 272 Ardet
330 233 495 271 inexcita
513 233 685 271 Ausonia
703 235 818 282 atque
837 232 1042 270 immobilis
1062 235 1173 280 ante3

188 288 282 325 Pars
301 287 414 338 pedes
432 287 486 324 ire
504 288 613 337 parat
634 287 798 337 campis;
826 300 912 336 pars
932 286 1071 323 arduus
1091 287 1179 324 altis

188 340 482 378 Pulverulentus
501 340 606 390 equis
625 340 740 377 furit:
771 353 901 377 omnes
921 353 1025 377 arma
1042 340 1253 390 requirunt.

188 394 282 432 Pars
301 394 400 432 leves
420 393 558 443 clipeos
577 395 616 431 et
636 393 780 443 spicula
796 393 921 430 lucida
938 395 1098 443 tergunt

188 448 334 484 Arvina
350 447 495 497 pingui,
516 446 774 497 subiguntque
792 446 832 483 in
852 449 936 484 cote
956 459 1123 492 secures3

189 500 379 551 Signaque
397 500 492 537 ferre
505 500 629 551 juvat,
650 500 870 549 sonitusque
889 499 1018 537 audire
1036 500 1227 537 tubarum.

189 554 364 603 Quinque
384 553 475 591 adeo
495 566 644 604 magnae
663 553 797 603 positis
816 553 1016 590 incudibus
1035 554 1146 590 urbes

188 607 281 645 Tela
298 610 453 653 novant,
474 607 594 644 Atina
612 610 759 657 potens,
779 607 972 656 Tiburque
992 606 1208 656 superbum,

187 660 325 707 Ardea,
346 660 668 710 Crustumerique,
689 662 727 697 et
745 660 944 710 turrigerae
963 660 1179 697 Antemnae.

187 714 375 765 Tegmina
392 716 481 751 tuta
499 716 636 751 cavant
656 713 835 763 capitum,
855 714 1089 763 flectuntque
1109 714 1272 765 salignas

186 767 411 805 Umbonum
431 770 574 813 crates3
602 767 665 804 alii
683 767 858 804 thoracas
877 767 1029 813 ahenos,

186 821 269 858 Aut
287 821 388 859 leves
408 834 533 859 ocreas
551 820 656 858 lento
676 821 821 858 ducunt
841 822 1022 870 argento:

185 874 360 912 Vomeris
379 874 454 912 huc
474 876 513 912 et
532 874 636 911 falcis
655 874 788 919 honos,
811 874 886 911 huc
906 874 1028 911 omnis
1048 874 1164 911 aratri

187 926 311 965 Cessit
330 941 457 966 amor:
487 930 697 977 recoquunt
716 927 860 977 patrios
879 927 1094 965 fornacibus
1114 941 1232 965 enses.

187 980 352 1019 Classica
366 981 522 1032 jamque
541 983 701 1026 sonant;
729 981 761 1018 it
780 981 879 1018 bello
898 983 1040 1018 tessera
1060 981 1224 1031 signum.

186 1034 264 1072 Hic
284 1035 431 1085 galeam
450 1035 564 1072 tectis
582 1034 753 1085 trepidus
773 1034 894 1084 rapit;
922 1034 986 1071 ille
1005 1034 1208 1072 frementes

185 1088 248 1125 Ad
261 1088 358 1139 juga
377 1088 480 1138 cogit
500 1102 614 1138 equos
630 1105 637 1133 ;
666 1088 902 1138 clipeumque
921 1101 1086 1137 auroque
1105 1088 1269 1125 trilicem

185 1140 361 1179 Loricam
380 1142 553 1179 induitur
571 1141 721 1192 fidoque
741 1141 953 1191 accingitur
972 1154 1071 1179 ense.

238 1194 403 1233 Pandite
422 1209 522 1233 nunc
542 1195 741 1240 Helicona,
762 1195 852 1240 deae,
873 1196 1082 1245 cantusque
1102 1198 1263 1241 movete,

186 1248 261 1294 Qui
279 1249 378 1286 bello
398 1249 513 1286 exciti
530 1262 650 1299 reges,
671 1261 755 1297 quae
775 1261 961 1297 quemque
981 1251 1121 1285 secutae

186 1301 423 1353 Complerint
442 1315 594 1352 campos
615 1302 710 1339 acies
726 1318 733 1347 ;
763 1301 898 1351 quibus
919 1301 1020 1338 Itala
1033 1301 1114 1351 jam
1133 1303 1219 1338 tum

184 1355 377 1393 Floruerit
397 1358 498 1393 terra
517 1356 616 1393 alma
633 1355 736 1401 viris,
757 1355 893 1404 quibus
914 1355 1047 1392 arserit
1067 1355 1192 1392 armis

183 1409 239 1446 Et
258 1409 485 1446 meministis
505 1409 618 1454 enim,
638 1409 744 1454 divae,
764 1410 803 1445 et
822 1422 1030 1446 memorare
1049 1409 1233 1459 potestis;

183 1462 244 1499 Ad
264 1476 333 1500 nos
352 1463 416 1500 vix
434 1463 562 1500 tenuis
580 1463 691 1500 famae
709 1462 919 1512 perlabitur
937 1475 1037 1499 aura.

237 1515 390 1553 Primus
410 1516 483 1553 init
502 1517 644 1553 bellum
663 1515 873 1566 Tyrrhenis
893 1529 1000 1565 asper
1020 1515 1067 1552 ab
1086 1515 1160 1553 oris

185 1568 413 1607 Contemtor
432 1570 563 1606 divum
583 1569 812 1614 Mezentius,
833 1569 1060 1618 agminaque
1080 1571 1214 1605 armat.

184 1621 306 1658 Filius
325 1623 413 1660 huic
427 1623 540 1674 juxta
559 1622 718 1668 Lausus,
739 1636 812 1671 quo
832 1622 1025 1672 pulchrior
1044 1622 1140 1659 alter

183 1674 276 1712 Non
295 1676 380 1722 fuit,
401 1679 558 1726 excepto
577 1675 781 1712 Laurentis
804 1688 957 1725 corpore
977 1675 1109 1712 Turni.

184 1728 345 1774 Lausus,
366 1742 504 1778 equum
528 1729 694 1766 domitor
713 1728 992 1777 debellatorque
1012 1729 1188 1774 ferarum,

183 1781 304 1819 Ducit
324 1782 508 1832 Agyllina
526 1782 779 1831 nequidquam
800 1795 844 1818 ex
863 1782 955 1819 urbe
975 1784 1125 1818 secutos

183 1835 290 1872 Mille
308 1835 408 1872 viros
424 1852 431 1881 ;
460 1836 609 1885 dignuS‚
629 1835 762 1885 patriis
782 1835 847 1884 qui
865 1835 989 1872 laetior
1007 1837 1106 1872 esset

183 1887 372 1938 Imperiis,
393 1892 431 1926 et
452 1889 512 1926 cui
530 1892 638 1939 pater
656 1889 759 1925 haud
779 1889 990 1926 Mezentius
1011 1890 1120 1925 esset.

237 1942 333 1979 Post
352 1942 421 1980 hos
440 1942 629 1992 insignem
648 1942 774 1992 palma
791 1955 858 1991 per
877 1941 1049 1992 gramina
1064 1954 1217 1979 currum

182 1994 432 2046 Victoresque
451 1998 622 2033 ostentat
642 2009 756 2045 equos
776 1997 880 2032 satus
901 1995 1069 2032 Hercule
1087 1995 1245 2045 pulchro

183 2048 348 2087 Pulcher
366 2049 583 2087 Aventinus
598 2066 606 2095 ;
635 2049 828 2099 clipeoque
846 2049 995 2099 insigne
1014 2051 1216 2098 paternum

183 2102 350 2140 Centum
369 2116 511 2153 angues
530 2103 769 2152 cinctamque
788 2102 888 2151 gerit
907 2102 1144 2152 serpentibus
1164 2101 1366 2152 Hydram3

184 2155 301 2193 Collis
321 2156 506 2194 Aventini
526 2156 620 2193 silva
639 2170 750 2205 quem
772 2155 882 2192 Rhea
901 2155 1072 2193 sacerdos

184 2208 390 2247 Furtivum
409 2211 523 2260 partu
542 2210 612 2248 sub
630 2209 785 2247 luminis
805 2209 924 2247 edidit
945 2223 1039 2255 oras,

184 2261 313 2300 Mixta
331 2264 400 2301 deo
419 2264 565 2310 mulier,
585 2266 788 2314 postquam
808 2262 1016 2300 Laurentia
1034 2262 1169 2309 victor,

185 2315 359 2366 Geryone
378 2317 579 2363 exstincto,
599 2316 827 2367 Tirynthius
847 2316 982 2367 attigit
1001 2330 1100 2362 arva,

185 2368 456 2420 Tyrrhenoque
474 2371 589 2408 boves
607 2371 648 2407 in
666 2370 822 2407 flumine
840 2369 935 2407 lavit
955 2369 1098 2407 Iberas,

186 2420 271 2459 Pila
289 2436 405 2460 manu
423 2437 616 2474 saevosque
636 2426 776 2474 gerunt
794 2424 834 2460 in
853 2423 953 2461 bella
972 2423 1126 2460 dolones
1141 2438 1150 2468 3

186 2474 242 2512 Et
260 2477 373 2514 tereti
390 2481 565 2528 pugnant
584 2491 763 2515 mucrone
782 2490 947 2526 veruque
967 2476 1126 2513 Sabello.

186 2527 275 2577 Ipse
292 2530 416 2578 pedes,
436 2534 618 2581 tegumen
637 2533 818 2580 torquens
836 2530 1002 2567 immane
1020 2529 1151 2575 leonis,

187 2580 361 2620 Terribili
377 2584 572 2635 impexum
591 2587 695 2632 saeta,
717 2598 805 2621 cum
825 2583 1002 2621 dentibus
1022 2583 1127 2629 albis,

1384 76 1462 116 267
