<?xml version="1.0" encoding="UTF-8"?>
<!DOCTYPE html PUBLIC "-//W3C//DTD XHTML 1.0 Transitional//EN"
    "http://www.w3.org/TR/xhtml1/DTD/xhtml1-transitional.dtd">
<html xmlns="http://www.w3.org/1999/xhtml" xml:lang="en" lang="en">
 <head>
  <title>
</title>
<meta http-equiv="Content-Type" content="text/html;charset=utf-8" />
  <meta name='ocr-system' content='tesseract 3.04.00' />
  <meta name='ocr-capabilities' content='ocr_page ocr_carea ocr_par ocr_line ocrx_word'/>
</head>
<body>
  <div class='ocr_page' id='page_1' title='image "./worksfromtextofh00virguoft_0399.png"; bbox 0 0 1674 2775; ppageno 0'>
   <div class='ocr_carea' id='block_1_1' title="bbox 581 102 952 129">
    <p class='ocr_par' dir='ltr' id='par_1_1' title="bbox 581 102 952 129">
     <span class='ocr_line' id='line_1_1' title="bbox 581 102 952 129; baseline -0.003 0"><span class='ocrx_word' id='word_1_1' title='bbox 581 102 770 129; x_wconf 69' lang='lat' dir='ltr'>AENEIDOS</span> <span class='ocrx_word' id='word_1_2' title='bbox 791 102 861 128; x_wconf 88' lang='lat' dir='ltr'>LIB</span> <span class='ocrx_word' id='word_1_3' title='bbox 867 121 873 128; x_wconf 97' lang='lat'>.</span> <span class='ocrx_word' id='word_1_4' title='bbox 893 102 952 128; x_wconf 81' lang='lat' dir='ltr'>XI.</span> 
     </span>
    </p>
   </div>
   <div class='ocr_carea' id='block_1_2' title="bbox 122 197 1294 2657">
    <p class='ocr_par' dir='ltr' id='par_1_2' title="bbox 122 197 1294 2657">
     <span class='ocr_line' id='line_1_2' title="bbox 127 197 1010 248; baseline -0.001 -11"><span class='ocrx_word' id='word_1_5' title='bbox 127 199 280 245; x_wconf 87' lang='lat' dir='ltr'>AEneas,</span> <span class='ocrx_word' id='word_1_6' title='bbox 299 200 345 236; x_wconf 90' lang='lat' dir='ltr'>ut</span> <span class='ocrx_word' id='word_1_7' title='bbox 364 198 465 236; x_wconf 89' lang='lat' dir='ltr'>fama</span> <span class='ocrx_word' id='word_1_8' title='bbox 483 198 595 236; x_wconf 91' lang='lat' dir='ltr'>fidem</span> <span class='ocrx_word' id='word_1_9' title='bbox 615 197 794 248; x_wconf 86' lang='lat' dir='ltr'>missique</span> <span class='ocrx_word' id='word_1_10' title='bbox 812 199 1010 248; x_wconf 86' lang='lat' dir='ltr'>reportant</span> 
     </span>
     <span class='ocr_line' id='line_1_3' title="bbox 127 251 1057 302; baseline -0.001 -13"><span class='ocrx_word' id='word_1_11' title='bbox 127 252 410 302; x_wconf 82' lang='lat' dir='ltr'>Exploratores,</span> <span class='ocrx_word' id='word_1_12' title='bbox 430 251 604 302; x_wconf 88' lang='lat' dir='ltr'>equitum</span> <span class='ocrx_word' id='word_1_13' title='bbox 622 251 721 289; x_wconf 85' lang='lat' dir='ltr'>levia</span> <span class='ocrx_word' id='word_1_14' title='bbox 738 252 932 301; x_wconf 89' lang='lat' dir='ltr'>improbus</span> <span class='ocrx_word' id='word_1_15' title='bbox 952 264 1057 288; x_wconf 87' lang='lat' dir='ltr'>arma</span> 
     </span>
     <span class='ocr_line' id='line_1_4' title="bbox 127 304 1150 355; baseline 0 -13"><span class='ocrx_word' id='word_1_16' title='bbox 127 305 332 352; x_wconf 82' lang='lat' dir='ltr'>Praemisit,</span> <span class='ocrx_word' id='word_1_17' title='bbox 352 307 553 355; x_wconf 89' lang='lat' dir='ltr'>quaterent</span> <span class='ocrx_word' id='word_1_18' title='bbox 572 318 746 355; x_wconf 85' lang='lat' dir='ltr'>campos3</span> <span class='ocrx_word' id='word_1_19' title='bbox 774 304 854 354; x_wconf 89' lang='lat' dir='ltr'>ipse</span> <span class='ocrx_word' id='word_1_20' title='bbox 874 305 990 341; x_wconf 89' lang='lat' dir='ltr'>ardua</span> <span class='ocrx_word' id='word_1_21' title='bbox 1008 305 1150 342; x_wconf 88' lang='lat' dir='ltr'>montis</span> 
     </span>
     <span class='ocr_line' id='line_1_5' title="bbox 126 358 1111 409; baseline -0.001 -13"><span class='ocrx_word' id='word_1_22' title='bbox 126 359 202 397; x_wconf 90' lang='lat' dir='ltr'>Per</span> <span class='ocrx_word' id='word_1_23' title='bbox 221 359 370 397; x_wconf 86' lang='lat' dir='ltr'>deserta</span> <span class='ocrx_word' id='word_1_24' title='bbox 382 359 479 409; x_wconf 84' lang='lat' dir='ltr'>jugo</span> <span class='ocrx_word' id='word_1_25' title='bbox 499 372 678 408; x_wconf 86' lang='lat' dir='ltr'>superans</span> <span class='ocrx_word' id='word_1_26' title='bbox 698 358 881 395; x_wconf 84' lang='lat' dir='ltr'>adventat</span> <span class='ocrx_word' id='word_1_27' title='bbox 900 358 948 395; x_wconf 86' lang='lat' dir='ltr'>ad</span> <span class='ocrx_word' id='word_1_28' title='bbox 967 359 1111 396; x_wconf 88' lang='lat' dir='ltr'>urbem.</span> 
     </span>
     <span class='ocr_line' id='line_1_6' title="bbox 127 411 1024 463; baseline -0.002 -13"><span class='ocrx_word' id='word_1_29' title='bbox 127 412 251 450; x_wconf 87' lang='lat' dir='ltr'>Furta</span> <span class='ocrx_word' id='word_1_30' title='bbox 268 426 358 463; x_wconf 79' lang='lat' dir='ltr'>paro</span> <span class='ocrx_word' id='word_1_31' title='bbox 377 412 467 450; x_wconf 88' lang='lat' dir='ltr'>belli</span> <span class='ocrx_word' id='word_1_32' title='bbox 487 425 653 449; x_wconf 75' lang='lat' dir='ltr'>convexo</span> <span class='ocrx_word' id='word_1_33' title='bbox 672 412 712 448; x_wconf 89' lang='lat' dir='ltr'>in</span> <span class='ocrx_word' id='word_1_34' title='bbox 731 411 888 449; x_wconf 87' lang='lat' dir='ltr'>tramite</span> <span class='ocrx_word' id='word_1_35' title='bbox 908 411 1024 459; x_wconf 85' lang='lat' dir='ltr'>silvae,</span> 
     </span>
     <span class='ocr_line' id='line_1_7' title="bbox 125 465 977 503; baseline -0.001 0"><span class='ocrx_word' id='word_1_36' title='bbox 125 466 184 503; x_wconf 91' lang='lat' dir='ltr'>Ut</span> <span class='ocrx_word' id='word_1_37' title='bbox 202 466 323 503; x_wconf 85' lang='lat' dir='ltr'>bivias</span> <span class='ocrx_word' id='word_1_38' title='bbox 343 468 490 503; x_wconf 87' lang='lat' dir='ltr'>armato</span> <span class='ocrx_word' id='word_1_39' title='bbox 510 465 681 503; x_wconf 84' lang='lat' dir='ltr'>obsidam</span> <span class='ocrx_word' id='word_1_40' title='bbox 700 465 822 502; x_wconf 88' lang='lat' dir='ltr'>milite</span> <span class='ocrx_word' id='word_1_41' title='bbox 840 466 977 502; x_wconf 80' lang='lat' dir='ltr'>fauces.</span> 
     </span>
     <span class='ocr_line' id='line_1_8' title="bbox 126 518 1112 570; baseline -0.001 -14"><span class='ocrx_word' id='word_1_42' title='bbox 126 519 188 556; x_wconf 85' lang='lat' dir='ltr'>Tu</span> <span class='ocrx_word' id='word_1_43' title='bbox 207 519 449 570; x_wconf 82' lang='lat' dir='ltr'>Tyrrhenum</span> <span class='ocrx_word' id='word_1_44' title='bbox 470 519 637 569; x_wconf 75' lang='lat' dir='ltr'>equitem</span> <span class='ocrx_word' id='word_1_45' title='bbox 657 518 805 556; x_wconf 85' lang='lat' dir='ltr'>collatis</span> <span class='ocrx_word' id='word_1_46' title='bbox 825 519 952 568; x_wconf 82' lang='lat' dir='ltr'>excipe</span> <span class='ocrx_word' id='word_1_47' title='bbox 971 518 1112 568; x_wconf 82' lang='lat' dir='ltr'>signis3</span> 
     </span>
     <span class='ocr_line' id='line_1_9' title="bbox 126 572 1110 623; baseline -0.002 -13"><span class='ocrx_word' id='word_1_48' title='bbox 126 572 270 610; x_wconf 80' lang='lat' dir='ltr'>Tecum</span> <span class='ocrx_word' id='word_1_49' title='bbox 290 586 373 610; x_wconf 86' lang='lat' dir='ltr'>acer</span> <span class='ocrx_word' id='word_1_50' title='bbox 392 573 593 623; x_wconf 80' lang='lat' dir='ltr'>Messapus</span> <span class='ocrx_word' id='word_1_51' title='bbox 613 572 696 619; x_wconf 84' lang='lat' dir='ltr'>erit,</span> <span class='ocrx_word' id='word_1_52' title='bbox 715 575 931 621; x_wconf 86' lang='lat' dir='ltr'>turmaeque</span> <span class='ocrx_word' id='word_1_53' title='bbox 950 572 1110 618; x_wconf 70' lang='lat' dir='ltr'>Latinae,</span> 
     </span>
     <span class='ocr_line' id='line_1_10' title="bbox 125 625 1155 675; baseline -0.001 -11"><span class='ocrx_word' id='word_1_54' title='bbox 125 626 360 675; x_wconf 86' lang='lat' dir='ltr'>Tiburnique</span> <span class='ocrx_word' id='word_1_55' title='bbox 379 640 535 663; x_wconf 90' lang='lat' dir='ltr'>manus:</span> <span class='ocrx_word' id='word_1_56' title='bbox 566 626 671 663; x_wconf 88' lang='lat' dir='ltr'>ducis</span> <span class='ocrx_word' id='word_1_57' title='bbox 691 628 729 663; x_wconf 91' lang='lat' dir='ltr'>et</span> <span class='ocrx_word' id='word_1_58' title='bbox 748 627 795 662; x_wconf 89' lang='lat' dir='ltr'>tu</span> <span class='ocrx_word' id='word_1_59' title='bbox 813 625 966 675; x_wconf 80' lang='lat' dir='ltr'>concipe</span> <span class='ocrx_word' id='word_1_60' title='bbox 986 626 1155 663; x_wconf 85' lang='lat' dir='ltr'>curam.’&#39;</span> 
     </span>
     <span class='ocr_line' id='line_1_11' title="bbox 125 679 1086 730; baseline -0.002 -13"><span class='ocrx_word' id='word_1_61' title='bbox 125 679 187 717; x_wconf 84' lang='lat' dir='ltr'>Sic</span> <span class='ocrx_word' id='word_1_62' title='bbox 207 680 272 726; x_wconf 83' lang='lat' dir='ltr'>ait,</span> <span class='ocrx_word' id='word_1_63' title='bbox 293 682 332 717; x_wconf 92' lang='lat' dir='ltr'>et</span> <span class='ocrx_word' id='word_1_64' title='bbox 351 680 503 730; x_wconf 86' lang='lat' dir='ltr'>paribus</span> <span class='ocrx_word' id='word_1_65' title='bbox 522 679 745 730; x_wconf 53' lang='lat' dir='ltr'>lNIessapum</span> <span class='ocrx_word' id='word_1_66' title='bbox 763 679 803 715; x_wconf 90' lang='lat' dir='ltr'>in</span> <span class='ocrx_word' id='word_1_67' title='bbox 822 679 956 728; x_wconf 84' lang='lat' dir='ltr'>proelia</span> <span class='ocrx_word' id='word_1_68' title='bbox 974 679 1086 716; x_wconf 83' lang='lat' dir='ltr'>dictis</span> 
     </span>
     <span class='ocr_line' id='line_1_12' title="bbox 125 732 1124 783; baseline -0.002 -13"><span class='ocrx_word' id='word_1_69' title='bbox 125 733 322 771; x_wconf 89' lang='lat' dir='ltr'>Hortatur</span> <span class='ocrx_word' id='word_1_70' title='bbox 340 733 534 783; x_wconf 86' lang='lat' dir='ltr'>sociosque</span> <span class='ocrx_word' id='word_1_71' title='bbox 553 733 678 778; x_wconf 85' lang='lat' dir='ltr'>duces,</span> <span class='ocrx_word' id='word_1_72' title='bbox 698 734 737 769; x_wconf 92' lang='lat' dir='ltr'>et</span> <span class='ocrx_word' id='word_1_73' title='bbox 756 732 882 782; x_wconf 88' lang='lat' dir='ltr'>pergit</span> <span class='ocrx_word' id='word_1_74' title='bbox 901 732 939 768; x_wconf 91' lang='lat' dir='ltr'>in</span> <span class='ocrx_word' id='word_1_75' title='bbox 961 732 1124 769; x_wconf 88' lang='lat' dir='ltr'>hostem.</span> 
     </span>
     <span class='ocr_line' id='line_1_13' title="bbox 125 785 1080 832; baseline -0.002 -8"><span class='ocrx_word' id='word_1_76' title='bbox 125 787 201 824; x_wconf 87' lang='lat' dir='ltr'>Est</span> <span class='ocrx_word' id='word_1_77' title='bbox 221 800 336 824; x_wconf 89' lang='lat' dir='ltr'>curvo</span> <span class='ocrx_word' id='word_1_78' title='bbox 356 786 530 823; x_wconf 85' lang='lat' dir='ltr'>anfractu</span> <span class='ocrx_word' id='word_1_79' title='bbox 548 786 675 832; x_wconf 82' lang='lat' dir='ltr'>valles,</span> <span class='ocrx_word' id='word_1_80' title='bbox 695 785 938 823; x_wconf 88' lang='lat' dir='ltr'>accommoda</span> <span class='ocrx_word' id='word_1_81' title='bbox 955 785 1080 822; x_wconf 87' lang='lat' dir='ltr'>fraudi</span> 
     </span>
     <span class='ocr_line' id='line_1_14' title="bbox 125 839 1173 889; baseline -0.002 -12"><span class='ocrx_word' id='word_1_82' title='bbox 125 841 406 889; x_wconf 79' lang='lat' dir='ltr'>Armorumque</span> <span class='ocrx_word' id='word_1_83' title='bbox 425 840 532 885; x_wconf 87' lang='lat' dir='ltr'>dolis,</span> <span class='ocrx_word' id='word_1_84' title='bbox 553 853 666 888; x_wconf 89' lang='lat' dir='ltr'>quam</span> <span class='ocrx_word' id='word_1_85' title='bbox 686 839 810 876; x_wconf 85' lang='lat' dir='ltr'>densis</span> <span class='ocrx_word' id='word_1_86' title='bbox 829 839 1025 876; x_wconf 81' lang='lat' dir='ltr'>frondibus</span> <span class='ocrx_word' id='word_1_87' title='bbox 1045 842 1173 876; x_wconf 84' lang='lat' dir='ltr'>atrum</span> 
     </span>
     <span class='ocr_line' id='line_1_15' title="bbox 125 892 1146 944; baseline -0.001 -14"><span class='ocrx_word' id='word_1_88' title='bbox 125 893 251 944; x_wconf 88' lang='lat' dir='ltr'>Urget</span> <span class='ocrx_word' id='word_1_89' title='bbox 270 893 463 943; x_wconf 73' lang='lat' dir='ltr'>utrimque</span> <span class='ocrx_word' id='word_1_90' title='bbox 481 893 605 939; x_wconf 82' lang='lat' dir='ltr'>latus3</span> <span class='ocrx_word' id='word_1_91' title='bbox 633 892 760 930; x_wconf 88' lang='lat' dir='ltr'>tenuis</span> <span class='ocrx_word' id='word_1_92' title='bbox 781 905 854 941; x_wconf 90' lang='lat' dir='ltr'>quo</span> <span class='ocrx_word' id='word_1_93' title='bbox 874 892 1010 929; x_wconf 86' lang='lat' dir='ltr'>semita</span> <span class='ocrx_word' id='word_1_94' title='bbox 1028 892 1146 939; x_wconf 86' lang='lat' dir='ltr'>ducit,</span> 
     </span>
     <span class='ocr_line' id='line_1_16' title="bbox 125 946 1092 997; baseline -0.002 -13"><span class='ocrx_word' id='word_1_95' title='bbox 125 948 391 997; x_wconf 85' lang='lat' dir='ltr'>Angustaeque</span> <span class='ocrx_word' id='word_1_96' title='bbox 409 947 538 984; x_wconf 89' lang='lat' dir='ltr'>ferunt</span> <span class='ocrx_word' id='word_1_97' title='bbox 556 946 682 983; x_wconf 83' lang='lat' dir='ltr'>fauces</span> <span class='ocrx_word' id='word_1_98' title='bbox 701 946 902 995; x_wconf 77' lang='lat' dir='ltr'>aditusque</span> <span class='ocrx_word' id='word_1_99' title='bbox 921 946 1092 996; x_wconf 83' lang='lat' dir='ltr'>maligni.</span> 
     </span>
     <span class='ocr_line' id='line_1_17' title="bbox 124 999 1233 1050; baseline -0.002 -12"><span class='ocrx_word' id='word_1_100' title='bbox 124 1000 240 1038; x_wconf 85' lang='lat' dir='ltr'>Hanc</span> <span class='ocrx_word' id='word_1_101' title='bbox 260 1014 371 1050; x_wconf 87' lang='lat' dir='ltr'>super</span> <span class='ocrx_word' id='word_1_102' title='bbox 390 1000 428 1037; x_wconf 90' lang='lat' dir='ltr'>in</span> <span class='ocrx_word' id='word_1_103' title='bbox 449 1000 608 1050; x_wconf 85' lang='lat' dir='ltr'>speculis</span> <span class='ocrx_word' id='word_1_104' title='bbox 628 1012 851 1049; x_wconf 88' lang='lat' dir='ltr'>summoque</span> <span class='ocrx_word' id='word_1_105' title='bbox 870 999 910 1036; x_wconf 91' lang='lat' dir='ltr'>in</span> <span class='ocrx_word' id='word_1_106' title='bbox 929 1000 1071 1037; x_wconf 86' lang='lat' dir='ltr'>vertice</span> <span class='ocrx_word' id='word_1_107' title='bbox 1090 999 1233 1037; x_wconf 90' lang='lat' dir='ltr'>montis</span> 
     </span>
     <span class='ocr_line' id='line_1_18' title="bbox 125 1053 981 1104; baseline -0.002 -13"><span class='ocrx_word' id='word_1_108' title='bbox 125 1054 311 1092; x_wconf 80' lang='lat' dir='ltr'>Planities</span> <span class='ocrx_word' id='word_1_109' title='bbox 331 1054 466 1104; x_wconf 86' lang='lat' dir='ltr'>ignota</span> <span class='ocrx_word' id='word_1_110' title='bbox 478 1054 593 1104; x_wconf 84' lang='lat' dir='ltr'>jacet,</span> <span class='ocrx_word' id='word_1_111' title='bbox 612 1053 765 1103; x_wconf 89' lang='lat' dir='ltr'>tutique</span> <span class='ocrx_word' id='word_1_112' title='bbox 784 1056 957 1103; x_wconf 88' lang='lat' dir='ltr'>receptus</span> <span class='ocrx_word' id='word_1_113' title='bbox 973 1069 981 1099; x_wconf 85' lang='lat'><em>3</em></span> 
     </span>
     <span class='ocr_line' id='line_1_19' title="bbox 125 1107 1034 1157; baseline 0 -13"><span class='ocrx_word' id='word_1_114' title='bbox 125 1108 196 1145; x_wconf 88' lang='lat' dir='ltr'>Seu</span> <span class='ocrx_word' id='word_1_115' title='bbox 219 1108 353 1145; x_wconf 77' lang='lat' dir='ltr'>dextra</span> <span class='ocrx_word' id='word_1_116' title='bbox 371 1107 541 1157; x_wconf 87' lang='lat' dir='ltr'>laevaque</span> <span class='ocrx_word' id='word_1_117' title='bbox 559 1107 652 1144; x_wconf 88' lang='lat' dir='ltr'>velis</span> <span class='ocrx_word' id='word_1_118' title='bbox 671 1120 863 1144; x_wconf 81' lang='lat' dir='ltr'>occurrere</span> <span class='ocrx_word' id='word_1_119' title='bbox 881 1119 1034 1157; x_wconf 69' lang='lat' dir='ltr'>pugnae,</span> 
     </span>
     <span class='ocr_line' id='line_1_20' title="bbox 125 1160 1027 1211; baseline 0 -13"><span class='ocrx_word' id='word_1_120' title='bbox 125 1161 213 1199; x_wconf 86' lang='lat' dir='ltr'>Sive</span> <span class='ocrx_word' id='word_1_121' title='bbox 231 1161 374 1199; x_wconf 86' lang='lat' dir='ltr'>instare</span> <span class='ocrx_word' id='word_1_122' title='bbox 387 1161 504 1211; x_wconf 84' lang='lat' dir='ltr'>jugis,</span> <span class='ocrx_word' id='word_1_123' title='bbox 524 1163 563 1198; x_wconf 92' lang='lat' dir='ltr'>et</span> <span class='ocrx_word' id='word_1_124' title='bbox 582 1160 740 1211; x_wconf 84' lang='lat' dir='ltr'>grandia</span> <span class='ocrx_word' id='word_1_125' title='bbox 758 1160 908 1197; x_wconf 79' lang='lat' dir='ltr'>volvere</span> <span class='ocrx_word' id='word_1_126' title='bbox 927 1173 1027 1198; x_wconf 79' lang='lat' dir='ltr'>saxa.</span> 
     </span>
     <span class='ocr_line' id='line_1_21' title="bbox 125 1213 986 1265; baseline -0.001 -14"><span class='ocrx_word' id='word_1_127' title='bbox 125 1214 218 1252; x_wconf 89' lang='lat' dir='ltr'>Huc</span> <span class='ocrx_word' id='word_1_128' title='bbox 232 1215 384 1265; x_wconf 82' lang='lat' dir='ltr'>juvenis</span> <span class='ocrx_word' id='word_1_129' title='bbox 404 1217 496 1251; x_wconf 88' lang='lat' dir='ltr'>nota</span> <span class='ocrx_word' id='word_1_130' title='bbox 514 1215 636 1252; x_wconf 85' lang='lat' dir='ltr'>fertur</span> <span class='ocrx_word' id='word_1_131' title='bbox 655 1214 807 1264; x_wconf 82' lang='lat' dir='ltr'>regione</span> <span class='ocrx_word' id='word_1_132' title='bbox 826 1213 986 1259; x_wconf 78' lang='lat' dir='ltr'>viarum,</span> 
     </span>
     <span class='ocr_line' id='line_1_22' title="bbox 125 1266 1044 1318; baseline -0.002 -13"><span class='ocrx_word' id='word_1_133' title='bbox 125 1268 376 1318; x_wconf 86' lang='lat' dir='ltr'>Arripuitque</span> <span class='ocrx_word' id='word_1_134' title='bbox 394 1268 532 1313; x_wconf 88' lang='lat' dir='ltr'>locum,</span> <span class='ocrx_word' id='word_1_135' title='bbox 553 1270 592 1305; x_wconf 91' lang='lat' dir='ltr'>et</span> <span class='ocrx_word' id='word_1_136' title='bbox 611 1267 715 1304; x_wconf 89' lang='lat' dir='ltr'>silvis</span> <span class='ocrx_word' id='word_1_137' title='bbox 734 1267 874 1304; x_wconf 75' lang='lat' dir='ltr'>insedit</span> <span class='ocrx_word' id='word_1_138' title='bbox 892 1266 1044 1316; x_wconf 87' lang='lat' dir='ltr'>iniquis.</span> 
     </span>
     <span class='ocr_line' id='line_1_23' title="bbox 178 1320 1059 1371; baseline -0.001 -13"><span class='ocrx_word' id='word_1_139' title='bbox 178 1321 356 1360; x_wconf 88' lang='lat' dir='ltr'>Velocem</span> <span class='ocrx_word' id='word_1_140' title='bbox 376 1321 521 1358; x_wconf 88' lang='lat' dir='ltr'>interea</span> <span class='ocrx_word' id='word_1_141' title='bbox 539 1321 683 1371; x_wconf 88' lang='lat' dir='ltr'>superis</span> <span class='ocrx_word' id='word_1_142' title='bbox 702 1321 741 1357; x_wconf 93' lang='lat' dir='ltr'>in</span> <span class='ocrx_word' id='word_1_143' title='bbox 762 1321 911 1358; x_wconf 89' lang='lat' dir='ltr'>sedibus</span> <span class='ocrx_word' id='word_1_144' title='bbox 933 1320 1059 1370; x_wconf 86' lang='lat' dir='ltr'>Opim,</span> 
     </span>
     <span class='ocr_line' id='line_1_24' title="bbox 126 1374 1059 1426; baseline -0.001 -14"><span class='ocrx_word' id='word_1_145' title='bbox 126 1375 255 1412; x_wconf 88' lang='lat' dir='ltr'>Unam</span> <span class='ocrx_word' id='word_1_146' title='bbox 275 1388 320 1413; x_wconf 81' lang='lat' dir='ltr'>ex</span> <span class='ocrx_word' id='word_1_147' title='bbox 339 1375 550 1426; x_wconf 85' lang='lat' dir='ltr'>virginibus</span> <span class='ocrx_word' id='word_1_148' title='bbox 570 1374 679 1412; x_wconf 87' lang='lat' dir='ltr'>sociis</span> <span class='ocrx_word' id='word_1_149' title='bbox 699 1388 876 1424; x_wconf 87' lang='lat' dir='ltr'>sacraque</span> <span class='ocrx_word' id='word_1_150' title='bbox 896 1377 1059 1422; x_wconf 82' lang='lat' dir='ltr'>caterva,</span> 
     </span>
     <span class='ocr_line' id='line_1_25' title="bbox 125 1428 1008 1479; baseline -0.002 -13"><span class='ocrx_word' id='word_1_151' title='bbox 125 1428 398 1479; x_wconf 87' lang='lat' dir='ltr'>Compellabat,</span> <span class='ocrx_word' id='word_1_152' title='bbox 418 1431 458 1466; x_wconf 92' lang='lat' dir='ltr'>et</span> <span class='ocrx_word' id='word_1_153' title='bbox 476 1429 544 1465; x_wconf 85' lang='lat' dir='ltr'>has</span> <span class='ocrx_word' id='word_1_154' title='bbox 563 1428 695 1466; x_wconf 82' lang='lat' dir='ltr'>tristes</span> <span class='ocrx_word' id='word_1_155' title='bbox 716 1428 880 1465; x_wconf 86' lang='lat' dir='ltr'>Latonia</span> <span class='ocrx_word' id='word_1_156' title='bbox 897 1441 1008 1465; x_wconf 84' lang='lat' dir='ltr'>voces</span> 
     </span>
     <span class='ocr_line' id='line_1_26' title="bbox 125 1480 1196 1527; baseline -0.003 -7"><span class='ocrx_word' id='word_1_157' title='bbox 125 1482 199 1519; x_wconf 89' lang='lat' dir='ltr'>Ore</span> <span class='ocrx_word' id='word_1_158' title='bbox 219 1483 356 1520; x_wconf 85' lang='lat' dir='ltr'>dabat:</span> <span class='ocrx_word' id='word_1_159' title='bbox 386 1486 406 1501; x_wconf 88' lang='lat'><strong>“</strong></span> <span class='ocrx_word' id='word_1_160' title='bbox 422 1482 606 1519; x_wconf 83' lang='lat' dir='ltr'>Graditur</span> <span class='ocrx_word' id='word_1_161' title='bbox 625 1482 768 1519; x_wconf 85' lang='lat' dir='ltr'>bellum</span> <span class='ocrx_word' id='word_1_162' title='bbox 787 1482 835 1519; x_wconf 87' lang='lat' dir='ltr'>ad</span> <span class='ocrx_word' id='word_1_163' title='bbox 854 1481 1004 1519; x_wconf 88' lang='lat' dir='ltr'>crudele</span> <span class='ocrx_word' id='word_1_164' title='bbox 1025 1480 1196 1527; x_wconf 85' lang='lat' dir='ltr'>Camilla,</span> 
     </span>
     <span class='ocr_line' id='line_1_27' title="bbox 124 1534 1128 1586; baseline -0.003 -13"><span class='ocrx_word' id='word_1_165' title='bbox 124 1535 157 1573; x_wconf 93' lang='grc' dir='ltr'>Ο</span> <span class='ocrx_word' id='word_1_166' title='bbox 176 1536 298 1586; x_wconf 78' lang='lat' dir='ltr'>virgo,</span> <span class='ocrx_word' id='word_1_167' title='bbox 318 1539 357 1573; x_wconf 93' lang='lat' dir='ltr'>et</span> <span class='ocrx_word' id='word_1_168' title='bbox 376 1536 516 1573; x_wconf 87' lang='lat' dir='ltr'>nostris</span> <span class='ocrx_word' id='word_1_169' title='bbox 536 1535 791 1585; x_wconf 84' lang='lat' dir='ltr'>nequidquam</span> <span class='ocrx_word' id='word_1_170' title='bbox 812 1535 981 1584; x_wconf 84' lang='lat' dir='ltr'>cingitur</span> <span class='ocrx_word' id='word_1_171' title='bbox 1001 1534 1128 1580; x_wconf 87' lang='lat' dir='ltr'>armis,</span> 
     </span>
     <span class='ocr_line' id='line_1_28' title="bbox 124 1586 1294 1637; baseline -0.002 -11"><span class='ocrx_word' id='word_1_172' title='bbox 124 1588 221 1626; x_wconf 86' lang='lat' dir='ltr'>Cara</span> <span class='ocrx_word' id='word_1_173' title='bbox 239 1590 335 1626; x_wconf 91' lang='lat' dir='ltr'>mihi</span> <span class='ocrx_word' id='word_1_174' title='bbox 355 1592 443 1627; x_wconf 86' lang='lat' dir='ltr'>ante</span> <span class='ocrx_word' id='word_1_175' title='bbox 463 1589 592 1626; x_wconf 85' lang='lat' dir='ltr'>alias.”</span> <span class='ocrx_word' id='word_1_176' title='bbox 650 1588 787 1637; x_wconf 88' lang='lat' dir='ltr'>Neque</span> <span class='ocrx_word' id='word_1_177' title='bbox 806 1588 908 1626; x_wconf 89' lang='lat' dir='ltr'>enim</span> <span class='ocrx_word' id='word_1_178' title='bbox 926 1601 1047 1625; x_wconf 87' lang='lat' dir='ltr'>novus</span> <span class='ocrx_word' id='word_1_179' title='bbox 1065 1587 1139 1624; x_wconf 87' lang='lat' dir='ltr'>iste</span> <span class='ocrx_word' id='word_1_180' title='bbox 1158 1586 1294 1625; x_wconf 86' lang='lat' dir='ltr'>Dianae</span> 
     </span>
     <span class='ocr_line' id='line_1_29' title="bbox 123 1641 1157 1693; baseline -0.001 -14"><span class='ocrx_word' id='word_1_181' title='bbox 123 1642 242 1679; x_wconf 81' lang='lat' dir='ltr'>Venit</span> <span class='ocrx_word' id='word_1_182' title='bbox 262 1656 378 1689; x_wconf 82' lang='lat' dir='ltr'>amor,</span> <span class='ocrx_word' id='word_1_183' title='bbox 398 1643 598 1693; x_wconf 86' lang='lat' dir='ltr'>subitaque</span> <span class='ocrx_word' id='word_1_184' title='bbox 617 1642 787 1679; x_wconf 86' lang='lat' dir='ltr'>animum</span> <span class='ocrx_word' id='word_1_185' title='bbox 806 1641 1004 1678; x_wconf 86' lang='lat' dir='ltr'>dulcedine</span> <span class='ocrx_word' id='word_1_186' title='bbox 1023 1641 1157 1678; x_wconf 87' lang='lat' dir='ltr'>movit.</span> 
     </span>
     <span class='ocr_line' id='line_1_30' title="bbox 124 1695 1061 1746; baseline -0.001 -13"><span class='ocrx_word' id='word_1_187' title='bbox 124 1695 264 1733; x_wconf 88' lang='lat' dir='ltr'>Pulsus</span> <span class='ocrx_word' id='word_1_188' title='bbox 284 1696 332 1733; x_wconf 90' lang='lat' dir='ltr'>ob</span> <span class='ocrx_word' id='word_1_189' title='bbox 352 1696 534 1733; x_wconf 86' lang='lat' dir='ltr'>invidiam</span> <span class='ocrx_word' id='word_1_190' title='bbox 553 1710 671 1746; x_wconf 84' lang='lat' dir='ltr'>regno</span> <span class='ocrx_word' id='word_1_191' title='bbox 690 1696 861 1745; x_wconf 87' lang='lat' dir='ltr'>viresque</span> <span class='ocrx_word' id='word_1_192' title='bbox 881 1695 1061 1744; x_wconf 86' lang='lat' dir='ltr'>superbas</span> 
     </span>
     <span class='ocr_line' id='line_1_31' title="bbox 124 1748 1166 1800; baseline -0.001 -14"><span class='ocrx_word' id='word_1_193' title='bbox 124 1748 309 1788; x_wconf 82' lang='lat' dir='ltr'>Priverno</span> <span class='ocrx_word' id='word_1_194' title='bbox 329 1750 487 1800; x_wconf 86' lang='lat' dir='ltr'>antiqua</span> <span class='ocrx_word' id='word_1_195' title='bbox 506 1750 688 1787; x_wconf 86' lang='lat' dir='ltr'>Metabus</span> <span class='ocrx_word' id='word_1_196' title='bbox 708 1763 825 1799; x_wconf 90' lang='lat' dir='ltr'>quum</span> <span class='ocrx_word' id='word_1_197' title='bbox 845 1749 1040 1786; x_wconf 80' lang='lat' dir='ltr'>excederet</span> <span class='ocrx_word' id='word_1_198' title='bbox 1060 1748 1166 1794; x_wconf 85' lang='lat' dir='ltr'>urbe,</span> 
     </span>
     <span class='ocr_line' id='line_1_32' title="bbox 124 1802 1009 1853; baseline -0.001 -14"><span class='ocrx_word' id='word_1_199' title='bbox 124 1802 321 1840; x_wconf 84' lang='lat' dir='ltr'>Infantem</span> <span class='ocrx_word' id='word_1_200' title='bbox 340 1803 489 1853; x_wconf 83' lang='lat' dir='ltr'>fugiens</span> <span class='ocrx_word' id='word_1_201' title='bbox 508 1803 633 1841; x_wconf 87' lang='lat' dir='ltr'>media</span> <span class='ocrx_word' id='word_1_202' title='bbox 650 1803 751 1840; x_wconf 89' lang='lat' dir='ltr'>inter</span> <span class='ocrx_word' id='word_1_203' title='bbox 769 1802 903 1852; x_wconf 88' lang='lat' dir='ltr'>proelia</span> <span class='ocrx_word' id='word_1_204' title='bbox 920 1802 1009 1839; x_wconf 87' lang='lat' dir='ltr'>belli</span> 
     </span>
     <span class='ocr_line' id='line_1_33' title="bbox 123 1855 1048 1905; baseline -0.001 -12"><span class='ocrx_word' id='word_1_205' title='bbox 123 1856 291 1894; x_wconf 86' lang='lat' dir='ltr'>Sustulit</span> <span class='ocrx_word' id='word_1_206' title='bbox 311 1857 440 1894; x_wconf 80' lang='lat' dir='ltr'>exsilio</span> <span class='ocrx_word' id='word_1_207' title='bbox 460 1856 652 1903; x_wconf 86' lang='lat' dir='ltr'>comitem,</span> <span class='ocrx_word' id='word_1_208' title='bbox 670 1856 878 1905; x_wconf 86' lang='lat' dir='ltr'>matrisque</span> <span class='ocrx_word' id='word_1_209' title='bbox 896 1855 1048 1893; x_wconf 77' lang='lat' dir='ltr'>vocavit</span> 
     </span>
     <span class='ocr_line' id='line_1_34' title="bbox 123 1908 1052 1960; baseline -0.002 -13"><span class='ocrx_word' id='word_1_210' title='bbox 123 1909 292 1948; x_wconf 88' lang='lat' dir='ltr'>Nomine</span> <span class='ocrx_word' id='word_1_211' title='bbox 312 1910 511 1957; x_wconf 84' lang='lat' dir='ltr'>Casmillae,</span> <span class='ocrx_word' id='word_1_212' title='bbox 530 1912 683 1947; x_wconf 89' lang='lat' dir='ltr'>mutata</span> <span class='ocrx_word' id='word_1_213' title='bbox 700 1912 819 1960; x_wconf 77' lang='lat' dir='ltr'>parte,</span> <span class='ocrx_word' id='word_1_214' title='bbox 840 1908 1052 1946; x_wconf 82' lang='lat' dir='ltr'>Camillam.</span> 
     </span>
     <span class='ocr_line' id='line_1_35' title="bbox 123 1963 1086 2014; baseline -0.001 -13"><span class='ocrx_word' id='word_1_215' title='bbox 123 1963 225 2014; x_wconf 88' lang='lat' dir='ltr'>Ipse,</span> <span class='ocrx_word' id='word_1_216' title='bbox 246 1964 331 2001; x_wconf 90' lang='lat' dir='ltr'>sinu</span> <span class='ocrx_word' id='word_1_217' title='bbox 350 1978 426 2014; x_wconf 78' lang='lat' dir='ltr'>prae</span> <span class='ocrx_word' id='word_1_218' title='bbox 446 1978 484 2001; x_wconf 90' lang='lat' dir='ltr'>se</span> <span class='ocrx_word' id='word_1_219' title='bbox 502 1966 670 2014; x_wconf 79' lang='lat' dir='ltr'>portans,</span> <span class='ocrx_word' id='word_1_220' title='bbox 684 1963 780 2013; x_wconf 82' lang='lat' dir='ltr'>juga</span> <span class='ocrx_word' id='word_1_221' title='bbox 797 1963 913 2013; x_wconf 84' lang='lat' dir='ltr'>longa</span> <span class='ocrx_word' id='word_1_222' title='bbox 930 1963 1086 2012; x_wconf 85' lang='lat' dir='ltr'>petebat</span> 
     </span>
     <span class='ocr_line' id='line_1_36' title="bbox 123 2016 1201 2066; baseline -0.002 -11"><span class='ocrx_word' id='word_1_223' title='bbox 123 2016 300 2055; x_wconf 80' lang='lat' dir='ltr'>Selorum</span> <span class='ocrx_word' id='word_1_224' title='bbox 318 2031 517 2055; x_wconf 85' lang='lat' dir='ltr'>nemorum</span> <span class='ocrx_word' id='word_1_225' title='bbox 532 2034 539 2063; x_wconf 78' lang='lat'>3</span> <span class='ocrx_word' id='word_1_226' title='bbox 567 2017 645 2054; x_wconf 87' lang='lat' dir='ltr'>tela</span> <span class='ocrx_word' id='word_1_227' title='bbox 662 2017 829 2066; x_wconf 85' lang='lat' dir='ltr'>undique</span> <span class='ocrx_word' id='word_1_228' title='bbox 848 2029 948 2053; x_wconf 79' lang='lat' dir='ltr'>saeva</span> <span class='ocrx_word' id='word_1_229' title='bbox 965 2016 1201 2066; x_wconf 85' lang='lat' dir='ltr'>premebant,</span> 
     </span>
     <span class='ocr_line' id='line_1_37' title="bbox 123 2069 983 2109; baseline -0.002 -1"><span class='ocrx_word' id='word_1_230' title='bbox 123 2071 180 2108; x_wconf 86' lang='lat' dir='ltr'>Et</span> <span class='ocrx_word' id='word_1_231' title='bbox 200 2071 342 2109; x_wconf 88' lang='lat' dir='ltr'>circum</span> <span class='ocrx_word' id='word_1_232' title='bbox 361 2072 445 2108; x_wconf 85' lang='lat' dir='ltr'>fuso</span> <span class='ocrx_word' id='word_1_233' title='bbox 464 2071 680 2109; x_wconf 83' lang='lat' dir='ltr'>volitabant</span> <span class='ocrx_word' id='word_1_234' title='bbox 699 2070 822 2107; x_wconf 87' lang='lat' dir='ltr'>milite</span> <span class='ocrx_word' id='word_1_235' title='bbox 841 2069 983 2107; x_wconf 87' lang='lat' dir='ltr'>Volsci.</span> 
     </span>
     <span class='ocr_line' id='line_1_38' title="bbox 122 2122 1128 2175; baseline -0.002 -13"><span class='ocrx_word' id='word_1_236' title='bbox 122 2124 236 2172; x_wconf 81' lang='lat' dir='ltr'>Ecce,</span> <span class='ocrx_word' id='word_1_237' title='bbox 255 2125 358 2175; x_wconf 84' lang='lat' dir='ltr'>fugae</span> <span class='ocrx_word' id='word_1_238' title='bbox 377 2125 501 2163; x_wconf 91' lang='lat' dir='ltr'>medio</span> <span class='ocrx_word' id='word_1_239' title='bbox 521 2124 679 2162; x_wconf 89' lang='lat' dir='ltr'>summis</span> <span class='ocrx_word' id='word_1_240' title='bbox 698 2124 912 2161; x_wconf 84' lang='lat' dir='ltr'>Amasenus</span> <span class='ocrx_word' id='word_1_241' title='bbox 932 2122 1128 2160; x_wconf 88' lang='lat' dir='ltr'>abundans</span> 
     </span>
     <span class='ocr_line' id='line_1_39' title="bbox 124 2177 1015 2228; baseline -0.001 -14"><span class='ocrx_word' id='word_1_242' title='bbox 124 2177 336 2228; x_wconf 87' lang='lat' dir='ltr'>Spumabat</span> <span class='ocrx_word' id='word_1_243' title='bbox 355 2178 446 2228; x_wconf 87' lang='lat' dir='ltr'>ripis</span> <span class='ocrx_word' id='word_1_244' title='bbox 462 2195 470 2225; x_wconf 84' lang='lat'><em>3</em></span> <span class='ocrx_word' id='word_1_245' title='bbox 498 2180 632 2216; x_wconf 82' lang='lat' dir='ltr'>tantus</span> <span class='ocrx_word' id='word_1_246' title='bbox 652 2191 691 2215; x_wconf 87' lang='lat' dir='ltr'>se</span> <span class='ocrx_word' id='word_1_247' title='bbox 710 2177 874 2215; x_wconf 87' lang='lat' dir='ltr'>nubibus</span> <span class='ocrx_word' id='word_1_248' title='bbox 893 2177 1015 2214; x_wconf 88' lang='lat' dir='ltr'>imber</span> 
     </span>
     <span class='ocr_line' id='line_1_40' title="bbox 123 2230 1091 2282; baseline -0.001 -14"><span class='ocrx_word' id='word_1_249' title='bbox 123 2231 309 2282; x_wconf 86' lang='lat' dir='ltr'>Ruperat.</span> <span class='ocrx_word' id='word_1_250' title='bbox 366 2232 449 2279; x_wconf 77' lang='lat' dir='ltr'>Ille,</span> <span class='ocrx_word' id='word_1_251' title='bbox 468 2232 600 2270; x_wconf 82' lang='lat' dir='ltr'>innare</span> <span class='ocrx_word' id='word_1_252' title='bbox 618 2245 766 2282; x_wconf 86' lang='lat' dir='ltr'>parans,</span> <span class='ocrx_word' id='word_1_253' title='bbox 785 2230 944 2268; x_wconf 86' lang='lat' dir='ltr'>infantis</span> <span class='ocrx_word' id='word_1_254' title='bbox 964 2244 1091 2268; x_wconf 87' lang='lat' dir='ltr'>amore</span> 
     </span>
     <span class='ocr_line' id='line_1_41' title="bbox 123 2284 1116 2336; baseline -0.001 -14"><span class='ocrx_word' id='word_1_255' title='bbox 123 2284 326 2332; x_wconf 64' lang='lat' dir='ltr'>Tardatur²</span> <span class='ocrx_word' id='word_1_256' title='bbox 346 2299 506 2336; x_wconf 86' lang='lat' dir='ltr'>caroque</span> <span class='ocrx_word' id='word_1_257' title='bbox 525 2285 630 2323; x_wconf 90' lang='lat' dir='ltr'>oneri</span> <span class='ocrx_word' id='word_1_258' title='bbox 647 2285 773 2322; x_wconf 89' lang='lat' dir='ltr'>timet.</span> <span class='ocrx_word' id='word_1_259' title='bbox 831 2284 970 2322; x_wconf 87' lang='lat' dir='ltr'>Omnia</span> <span class='ocrx_word' id='word_1_260' title='bbox 989 2296 1116 2322; x_wconf 87' lang='lat' dir='ltr'>secum</span> 
     </span>
     <span class='ocr_line' id='line_1_42' title="bbox 124 2337 984 2377; baseline -0.001 -2"><span class='ocrx_word' id='word_1_261' title='bbox 124 2337 303 2376; x_wconf 90' lang='lat' dir='ltr'>Versanti</span> <span class='ocrx_word' id='word_1_262' title='bbox 322 2339 449 2377; x_wconf 87' lang='lat' dir='ltr'>subito</span> <span class='ocrx_word' id='word_1_263' title='bbox 469 2339 533 2376; x_wconf 76' lang='lat' dir='ltr'>vix</span> <span class='ocrx_word' id='word_1_264' title='bbox 551 2339 633 2377; x_wconf 86' lang='lat' dir='ltr'>haec</span> <span class='ocrx_word' id='word_1_265' title='bbox 653 2338 845 2376; x_wconf 87' lang='lat' dir='ltr'>sententia</span> <span class='ocrx_word' id='word_1_266' title='bbox 863 2338 984 2375; x_wconf 88' lang='lat' dir='ltr'>sedit:</span> 
     </span>
     <span class='ocr_line' id='line_1_43' title="bbox 125 2390 1148 2441; baseline -0.002 -12"><span class='ocrx_word' id='word_1_267' title='bbox 125 2391 262 2429; x_wconf 84' lang='lat' dir='ltr'>Telum</span> <span class='ocrx_word' id='word_1_268' title='bbox 280 2393 457 2439; x_wconf 87' lang='lat' dir='ltr'>immane,</span> <span class='ocrx_word' id='word_1_269' title='bbox 476 2406 593 2430; x_wconf 89' lang='lat' dir='ltr'>manu</span> <span class='ocrx_word' id='word_1_270' title='bbox 610 2393 735 2429; x_wconf 88' lang='lat' dir='ltr'>valida</span> <span class='ocrx_word' id='word_1_271' title='bbox 754 2392 855 2441; x_wconf 91' lang='lat' dir='ltr'>quod</span> <span class='ocrx_word' id='word_1_272' title='bbox 874 2391 972 2429; x_wconf 89' lang='lat' dir='ltr'>forte</span> <span class='ocrx_word' id='word_1_273' title='bbox 992 2390 1148 2441; x_wconf 83' lang='lat' dir='ltr'>gerebat</span> 
     </span>
     <span class='ocr_line' id='line_1_44' title="bbox 124 2445 981 2492; baseline -0.001 -10"><span class='ocrx_word' id='word_1_274' title='bbox 124 2445 308 2492; x_wconf 85' lang='lat' dir='ltr'>Bellator‚</span> <span class='ocrx_word' id='word_1_275' title='bbox 328 2446 491 2484; x_wconf 87' lang='lat' dir='ltr'>solidum</span> <span class='ocrx_word' id='word_1_276' title='bbox 509 2446 618 2483; x_wconf 88' lang='lat' dir='ltr'>nodis</span> <span class='ocrx_word' id='word_1_277' title='bbox 638 2448 677 2483; x_wconf 93' lang='lat' dir='ltr'>et</span> <span class='ocrx_word' id='word_1_278' title='bbox 696 2446 829 2483; x_wconf 87' lang='lat' dir='ltr'>robore</span> <span class='ocrx_word' id='word_1_279' title='bbox 850 2447 981 2491; x_wconf 91' lang='lat' dir='ltr'>cocto;</span> 
     </span>
     <span class='ocr_line' id='line_1_45' title="bbox 124 2497 1101 2546; baseline -0.002 -10"><span class='ocrx_word' id='word_1_280' title='bbox 124 2498 231 2536; x_wconf 82' lang='lat' dir='ltr'>Huic</span> <span class='ocrx_word' id='word_1_281' title='bbox 250 2502 393 2546; x_wconf 86' lang='lat' dir='ltr'>natam,</span> <span class='ocrx_word' id='word_1_282' title='bbox 412 2500 509 2537; x_wconf 90' lang='lat' dir='ltr'>libro</span> <span class='ocrx_word' id='word_1_283' title='bbox 529 2502 568 2537; x_wconf 87' lang='lat' dir='ltr'>et</span> <span class='ocrx_word' id='word_1_284' title='bbox 588 2499 753 2537; x_wconf 89' lang='lat' dir='ltr'>silvestri</span> <span class='ocrx_word' id='word_1_285' title='bbox 772 2499 903 2536; x_wconf 90' lang='lat' dir='ltr'>subere</span> <span class='ocrx_word' id='word_1_286' title='bbox 923 2497 1101 2543; x_wconf 80' lang='lat' dir='ltr'>clausam,</span> 
     </span>
     <span class='ocr_line' id='line_1_46' title="bbox 124 2551 1211 2602; baseline -0.003 -13"><span class='ocrx_word' id='word_1_287' title='bbox 124 2552 318 2602; x_wconf 83' lang='lat' dir='ltr'>Implicat,</span> <span class='ocrx_word' id='word_1_288' title='bbox 339 2554 453 2602; x_wconf 86' lang='lat' dir='ltr'>atque</span> <span class='ocrx_word' id='word_1_289' title='bbox 472 2553 638 2590; x_wconf 89' lang='lat' dir='ltr'>habilem</span> <span class='ocrx_word' id='word_1_290' title='bbox 657 2552 793 2590; x_wconf 85' lang='lat' dir='ltr'>mediae</span> <span class='ocrx_word' id='word_1_291' title='bbox 814 2551 1054 2601; x_wconf 82' lang='lat' dir='ltr'>circumligat</span> <span class='ocrx_word' id='word_1_292' title='bbox 1073 2551 1211 2596; x_wconf 73' lang='lat' dir='ltr'>hastae,</span> 
     </span>
     <span class='ocr_line' id='line_1_47' title="bbox 124 2604 1179 2657; baseline -0.003 -14"><span class='ocrx_word' id='word_1_293' title='bbox 124 2605 250 2652; x_wconf 80' lang='lat' dir='ltr'>Quam</span> <span class='ocrx_word' id='word_1_294' title='bbox 269 2606 404 2644; x_wconf 77' lang='lat' dir='ltr'>dextra</span> <span class='ocrx_word' id='word_1_295' title='bbox 422 2606 573 2657; x_wconf 85' lang='lat' dir='ltr'>ingenti</span> <span class='ocrx_word' id='word_1_296' title='bbox 591 2606 733 2644; x_wconf 87' lang='lat' dir='ltr'>librans</span> <span class='ocrx_word' id='word_1_297' title='bbox 752 2605 809 2643; x_wconf 85' lang='lat' dir='ltr'>ita</span> <span class='ocrx_word' id='word_1_298' title='bbox 827 2605 876 2643; x_wconf 84' lang='lat' dir='ltr'>ad</span> <span class='ocrx_word' id='word_1_299' title='bbox 893 2604 1036 2643; x_wconf 86' lang='lat' dir='ltr'>aethera</span> <span class='ocrx_word' id='word_1_300' title='bbox 1053 2604 1157 2641; x_wconf 87' lang='lat' dir='ltr'>fatur</span> <span class='ocrx_word' id='word_1_301' title='bbox 1172 2619 1179 2639; x_wconf 93' lang='lat'>:</span> 
     </span>
    </p>
   </div>
   <div class='ocr_carea' id='block_1_3' title="bbox 1321 96 1399 133">
    <p class='ocr_par' dir='ltr' id='par_1_3' title="bbox 1321 96 1399 133">
     <span class='ocr_line' id='line_1_48' title="bbox 1321 96 1399 133; baseline 0 0"><span class='ocrx_word' id='word_1_302' title='bbox 1321 96 1399 133; x_wconf 88' lang='lat'>365</span> 
     </span>
    </p>
   </div>
  </div>
 </body>
</html>
