1705 2744
227 71 278 108 92
607 82 642 108 P.
662 80 848 107 vrnGILn
867 80 1055 107 MARoms

227 176 361 214 Altera
377 178 463 214 tum
481 175 622 226 primos
643 176 796 213 Lucinae
815 177 969 225 experta
985 175 1153 224 labores3

226 229 381 279 Clioque
400 232 440 267 et
458 230 579 267 Beroe
600 243 714 275 soror,
735 229 972 266 Oceanitides
991 230 1121 277 ambae,

225 283 359 320 Ambae
379 296 480 329 auro,
498 283 611 333 pictis
630 283 804 320 incinctae
823 282 981 332 pellibus
997 283 1139 329 ambae,

225 337 354 385 Atque
373 336 541 386 Ephyre,
561 338 675 385 atque
695 336 799 385 Opis,
819 338 857 372 et
876 335 968 372 Asia
986 335 1164 386 Deiopea,

227 389 282 426 Et
300 389 455 427 tandem
473 389 606 439 positis
624 389 733 426 velox
752 389 944 425 Arethusa
959 389 1125 439 sagittis.

227 442 336 480 Inter
355 456 446 492 quas
466 456 594 479 curam
614 442 794 491 Clymene
812 442 988 478 narrabat
1007 443 1159 481 inanem

225 495 397 541 Vulcani,
418 496 631 544 Martisque
650 495 753 532 dolos
773 497 811 531 et
830 494 954 532 dulcia
971 495 1094 541 furta3

226 550 354 598 Atque
374 548 478 586 Chao
498 549 630 586 densos
650 548 781 585 divum
799 548 1023 585 numerabat
1042 562 1197 586 amores.

227 602 401 639 Carmine
421 615 494 651 quo
514 605 632 652 captae
652 601 743 638 dum
762 601 854 638 fusis
873 600 1002 638 mollia
1020 615 1136 651 pensa

226 655 458 701 Devolvunt,
477 655 617 692 iterum
635 657 824 691 maternas
842 654 996 703 impulit
1015 668 1122 692 aures

227 708 373 745 Luctus
392 708 557 754 Aristaei,
576 708 780 757 vitreisque
800 707 976 744 sedilibus
996 721 1126 746 omnes

226 762 485 811 Obstupuere3
505 762 571 799 sed
589 764 676 799 ante
696 761 787 798 alias
802 761 994 798 Arethusa
1012 775 1154 799 sorores

227 814 474 865 Prospiciens,
493 828 641 852 summa
659 814 799 851 flavum
818 816 932 864 caput
951 815 1089 852 extulit
1107 814 1229 860 unda3

227 868 282 905 Et
300 867 453 918 procul:
475 871 495 887 “
509 868 542 905 Ο
561 868 709 918 gemitu
726 881 803 904 non
822 868 963 904 frustra
981 868 1161 905 exterrita
1178 870 1301 915 tanto,

228 921 374 972 Cyrene
394 935 507 967 soror,
526 921 605 971 ipse
623 921 707 967 tibi,
726 923 795 958 tua
812 921 977 957 maxima
995 934 1095 967 cura,

227 974 364 1012 Tristis
383 974 570 1012 Aristaeus
590 974 707 1012 Penei
726 974 908 1024 genitoris
936 974 984 1011 ad
1001 975 1144 1011 undam

229 1028 316 1065 Stat
334 1028 544 1073 lacrimans,
563 1030 602 1065 et
621 1031 660 1065 te
680 1027 867 1065 crudelem
886 1027 1038 1065 nomine
1057 1027 1161 1065 dicit.

225 1081 330 1118 Huic
349 1095 523 1131 percussa
540 1095 639 1118 nova
655 1083 824 1118 mentem
842 1080 1042 1118 formidine
1060 1084 1193 1127 mater,

226 1138 246 1153 “
263 1134 360 1180 Duc,
381 1148 460 1184 age,
481 1134 552 1171 duc
572 1134 619 1171 ad
637 1148 728 1179 nos;
747 1134 802 1170 fas
821 1133 877 1170 illi
894 1133 1026 1171 limina
1045 1134 1177 1171 divum

225 1187 436 1238 Tangere,'’
458 1187 533 1233 ait3
554 1187 667 1224 simul
686 1187 763 1224 alta
775 1187 886 1237 jubet
906 1187 1093 1225 discedere
1111 1187 1187 1225 late

226 1240 415 1287 Flumina,
436 1254 509 1290 qua
521 1240 672 1291 juvenis
691 1254 841 1290 gressus
860 1240 1027 1278 inferret.
1082 1241 1137 1277 At
1156 1240 1264 1277 iHum

226 1293 393 1331 Curvata
410 1294 450 1330 in
468 1293 610 1331 montis
628 1294 762 1331 faciem
781 1293 1034 1330 circumstetit
1053 1294 1164 1340 unda,

225 1348 457 1397 Accepitque
476 1347 561 1384 sinu
580 1349 699 1393 vasto,
718 1346 896 1396 misitque
916 1347 985 1384 sub
1005 1360 1165 1384 amnem.

227 1400 391 1449 Jamque
410 1400 563 1437 domum
584 1400 724 1437 mirans
743 1399 956 1450 genetricis,
975 1402 1014 1437 et
1032 1400 1189 1437 humida
1206 1413 1333 1451 regna,

228 1453 496 1503 Speluncisque
515 1453 617 1490 lacus
637 1453 793 1499 clausos,
812 1453 988 1503 lucosque
1008 1456 1196 1500 sonantes,

228 1507 329 1553 Ibat,
349 1509 400 1553 et,
418 1506 568 1557 ingenti
586 1508 694 1543 motu
713 1506 946 1556 stupefactus
966 1520 1158 1556 aquarum,

228 1560 366 1597 Omnia
385 1560 454 1597 sub
474 1573 612 1610 magna
629 1559 795 1597 labentia
812 1560 971 1596 flumina
987 1562 1089 1597 terra

229 1613 433 1663 Spectabat
453 1613 600 1650 diversa
617 1613 718 1659 locis,
739 1613 979 1664 Phasimque,
999 1613 1232 1663 Lycumque,

230 1667 284 1703 Et
304 1669 428 1716 caput,
447 1666 547 1703 unde
567 1666 665 1703 altus
685 1666 850 1716 primum
869 1679 906 1704 se
926 1667 1090 1716 erumpit
1109 1666 1290 1716 Enipeus,

229 1720 341 1757 Unde
359 1723 467 1770 pater
485 1719 695 1767 Tiberinus,
715 1723 754 1757 et
772 1719 871 1757 unde
890 1719 1039 1758 Aniena
1056 1720 1209 1766 fluenta,
