1705 2744
261 97 337 132 114
665 107 698 132 Ρ.
719 106 905 133 vaILH
924 106 1112 134 MARons

263 201 349 238 Hac
370 201 542 251 Phryges
558 218 566 247 3
593 201 752 239 instaret
772 215 882 239 curru
901 201 1079 239 cristatus
1098 202 1276 241 Achilles.

264 254 346 292 Nec
365 254 494 305 procul
512 254 601 291 hinc
621 254 739 292 Rhesi
757 255 875 292 niveis
894 255 1059 293 tentoria
1077 255 1169 293 velis

264 307 450 358 Agnoscit
468 307 677 354 lacrimans,
696 308 817 357 primo
836 322 917 357 quae
936 308 1086 358 prodita
1104 322 1236 347 somno

265 361 429 410 Tydides
447 361 569 398 inulta
587 361 761 398 vastabat
781 361 878 398 caede
898 363 1087 407 cruentus,

264 414 526 463 Ardentesque
545 414 683 450 avertit
703 426 815 463 equos
833 414 874 450 in
893 416 1026 460 castra,
1044 414 1147 464 prius
1167 429 1279 465 quam

266 467 409 504 Pabula
428 469 645 515 gustassent
664 466 785 516 Trojae
804 467 1078 517 Xanthumque
1095 468 1290 506 bibissent.

266 519 381 557 Parte
400 520 471 557 alia
489 520 636 570 fugiens
656 520 801 557 amissis
821 519 970 557 Troilus
990 520 1114 566 armis,

267 573 406 610 Infelix
424 587 527 623 puer,
547 575 659 622 atque
677 572 798 623 impar
817 586 1037 623 congressus
1056 573 1208 619 Achilli,

268 626 408 663 Fertur
426 626 541 676 equis,
561 639 745 675 curruque
764 626 886 663 haeret
904 626 1101 676 resupinus
1120 626 1235 673 inani,

267 679 367 717 Lora
384 682 517 716 tenens
536 682 665 716 tamen
682 696 688 716 :
717 679 806 716 huic
825 679 1022 729 cervixque
1042 693 1230 729 comaeque
1248 680 1456 718 trahuntur

268 732 342 769 Per
359 735 511 778 terrani,
531 735 569 770 et
588 745 694 770 versa
711 732 835 782 pulvis
853 732 1072 770 inscribitur
1089 733 1212 770 hasta.

267 785 420 823 Interea
439 786 485 822 ad
503 786 689 836 templum
706 800 784 823 non
803 799 917 836 aequae
936 785 1100 823 Palladis
1119 786 1227 823 ibant

268 838 444 876 Crinibus
464 839 602 876 Iliades
620 839 750 889 passis,
770 839 998 889 peplumque
1016 839 1187 876 ferebant

268 892 494 942 Suppliciter
513 892 642 930 tristes
664 895 702 930 et
720 894 843 929 tunsae
862 894 1015 943 pectora
1033 892 1167 941 palmis
1183 909 1190 938 ;

267 945 369 983 Diva
387 946 464 983 solo
484 945 577 982 fixos
597 945 723 983 oculos
743 959 871 983 aversa
889 946 1055 983 tenebat.

271 1736 346 1774 Ter
365 1735 507 1773 circum
526 1735 662 1772 Iliacos
681 1735 898 1785 raptaverat
918 1733 1089 1771 Hectora
1108 1747 1247 1780 muros,

271 1789 575 1838 Exanimumque
594 1801 684 1826 auro
704 1801 837 1838 corpus
856 1787 1043 1825 vendebat
1062 1787 1241 1824 Achilles.

272 1842 372 1879 Tum
391 1856 479 1880 vero
497 1842 693 1892 ingentem
713 1841 900 1892 gemitum
919 1840 984 1878 dat
1002 1843 1154 1890 pectore
1172 1841 1218 1878 ab
1236 1840 1325 1886 imo,

270 1895 328 1932 Ut
348 1895 476 1945 spolia,
495 1897 540 1932 ut
559 1908 700 1941 currus,
719 1896 837 1944 utque
855 1894 980 1944 ipsum
999 1907 1132 1944 corpus
1151 1893 1272 1940 amici,

270 1948 579 1998 Tendentemque
598 1961 732 1985 manus
752 1947 948 1984 Priamum
967 1947 1162 1997 conspexit
1179 1947 1350 1984 inermes.

271 2001 319 2039 Se
338 2015 485 2051 quoque
503 2001 733 2051 principibus
751 2001 983 2050 permixtum
1001 2000 1159 2050 agnovit
1176 1999 1345 2045 Achivis,

270 2054 445 2104 ansque
465 2054 560 2091 acies
579 2057 617 2091 et
637 2054 737 2104 nigri
756 2053 973 2091 Memnonis
993 2066 1107 2090 arma.

271 2106 391 2144 Ducit
410 2107 687 2144 Amazonidum
705 2106 845 2143 lunatis
864 2105 1017 2156 agmina
1034 2105 1146 2155 peltis

272 2160 513 2197 Penthesilea
530 2160 670 2205 furens,
690 2159 896 2209 mediisque
913 2159 954 2195 in
972 2158 1138 2196 millibus
1158 2158 1277 2204 ardet,

271 2215 397 2250 Aurea
416 2213 639 2250 subnectens
659 2214 814 2249 exsertae
832 2211 983 2261 cingula
1000 2224 1173 2248 mammae

272 2265 468 2311 Beilatrix,
487 2265 674 2315 audetque
693 2265 782 2302 viris
801 2277 1019 2302 concurrere
1036 2264 1155 2314 virgo.

324 2319 420 2356 Haec
441 2319 532 2355 dum
550 2318 743 2355 Dardanio
762 2318 892 2355 AEneae
910 2318 1081 2355 miranda
1098 2317 1287 2363 videntur,

272 2371 377 2409 Dum
396 2374 538 2421 stupet,
557 2372 769 2421 obtutuque
788 2371 906 2408 haeret
925 2370 1067 2408 defixus
1086 2370 1126 2407 in
1144 2383 1243 2416 uno;

272 2424 423 2475 Regina
441 2425 489 2462 ad
506 2425 705 2475 templum,
723 2424 845 2462 forma
862 2423 1114 2474 pulcherrima
1132 2423 1246 2471 Dido,

272 2477 447 2524 Incessit,
467 2491 607 2528 magna
618 2477 804 2528 juvenum
823 2478 990 2527 stipante
1008 2478 1168 2514 caterva.

271 2531 402 2577 Qualis
420 2531 460 2568 in
480 2531 637 2569 Eurotae
655 2530 758 2580 ripis,
777 2532 844 2568 aut
862 2543 928 2581 per
940 2530 1036 2581 juga
1054 2529 1201 2581 Cynthi

271 2584 436 2622 Exercet
455 2584 581 2622 Diana
598 2584 744 2632 choros,
763 2597 878 2635 quam
895 2584 1001 2622 mille
1019 2587 1158 2622 secutae
