1705 2744
667 119 857 146 AENEIDOS
878 120 960 146 LIB.
981 120 1029 146 ΙΙ.

217 215 333 253 Certa
351 215 477 266 sequi:
506 228 588 266 quae
607 214 658 252 sit
676 215 788 253 rebus
807 214 972 261 fortuna,
990 214 1128 253 videtis
1143 232 1150 253 :

216 269 422 308 Excessere
440 282 581 315 omnes,
601 268 728 319 adytis
747 268 893 319 arisque
911 268 1064 315 relictis,

216 322 282 369 Di,
303 323 439 373 quibus
457 322 658 372 imperium
676 322 749 360 hoc
768 324 950 368 steterat3
979 321 1196 360 succurritis
1214 323 1299 361 urbi

218 376 410 414 Incensae:
439 376 645 414 moriamur
664 378 702 413 et
721 376 761 413 in
779 376 904 413 media
922 389 1026 413 arma
1044 389 1209 413 ruamus.

217 429 308 467 Una
326 430 424 467 salus
443 430 554 467 victis
573 430 718 467 nullam
736 443 883 480 sperare
902 429 1089 467 salutem.'

217 483 279 521 Sic
299 484 434 521 animis
447 484 633 534 juvenum
650 483 754 521 furor
773 483 936 520 additus.
992 483 1100 530 Inde,
1118 482 1200 533 lupi
1219 496 1287 521 ceu

217 536 407 587 Raptores
427 541 510 575 atra
526 537 566 574 in
585 537 732 583 nebula,
752 551 845 586 quos
863 536 1035 587 improba
1051 537 1196 575 ventris

218 590 363 641 Exegit
383 604 498 629 caecos
517 590 650 637 rabies,
670 591 859 640 catulique
877 590 999 628 reh'cti

218 643 410 682 Faucibus
430 646 650 695 exspectant
670 644 776 682 siccis
794 661 802 691 3
830 658 896 694 per
913 644 1002 690 tela,
1021 657 1087 694 per
1104 643 1234 681 hostes

218 697 402 735 Vadimus
420 698 524 735 haud
542 698 696 735 dubiam
714 698 754 735 in
772 700 947 744 mortem,
965 697 1176 747 mediaeque
1194 701 1368 735 tenemus

218 751 336 788 Urbis
355 752 450 789 iter:
478 766 555 789 nox
574 754 657 789 atra
675 765 765 789 cava
784 751 1029 789 circumvolat
1049 751 1194 788 umbra.

219 805 313 851 Quis
333 805 477 843 cladem
494 805 594 842 illius
613 806 748 850 noctis,
767 805 850 855 quis
868 805 1000 842 funera
1018 804 1131 842 fando

219 858 409 908 Explicet,
429 861 495 896 aut
514 859 634 909 possit
652 859 815 896 lacrimis
834 872 980 908 aequare
999 857 1175 896 labores?

219 912 323 949 Urbs
342 913 499 962 antiqua
516 912 606 958 ruit,
624 912 767 950 multos
786 912 982 950 dominata
998 925 1064 962 per
1083 925 1200 949 annos
1215 929 1222 949 :

219 965 392 1003 Plurima
409 979 548 1016 perque
566 966 646 1003 vias
666 968 890 1003 sternuntur
907 965 1045 1003 inertia
1062 965 1203 1015 passim

220 1018 398 1069 Corpora,
417 1032 556 1070 perque
575 1020 718 1066 domos,
738 1023 777 1057 et
796 1019 971 1070 religiosa
989 1019 1144 1057 deorum

219 1072 384 1110 Limina.
439 1073 481 1110 N
483 1086 523 1111 ec
543 1073 613 1110 soli
630 1086 760 1123 poenas
779 1073 872 1110 dant
892 1073 1074 1123 sanguine
1094 1073 1251 1119 Teucri3

221 1126 422 1172 Quondam
441 1127 557 1164 etiam
576 1127 687 1164 victis
706 1126 805 1164 redit
824 1127 864 1163 in
883 1126 1091 1177 praecordia
1108 1126 1243 1173 virtus,

219 1179 468 1230 Victoresque
488 1180 629 1218 cadunt
649 1180 786 1218 Danai.
843 1180 1014 1218 Crudelis
1032 1180 1173 1230 ubique

220 1232 380 1280 Luctus,
399 1234 538 1284 ubique
556 1247 684 1284 pavor,
704 1237 744 1272 et
762 1233 926 1284 plurima
944 1234 1078 1271 mortis
1097 1233 1236 1283 imago.

274 1290 296 1306 ‘⁶
309 1287 461 1325 Primus
481 1301 530 1334 se,
551 1288 729 1325 Danaum
748 1301 887 1338 magna
906 1287 1113 1325 comitante
1133 1291 1295 1334 caterva,

220 1341 446 1392 Androgeus
466 1342 577 1379 offert
595 1341 716 1388 nobis,
731 1341 832 1379 socia
849 1341 1003 1392 agmina
1021 1341 1174 1379 credens

222 1394 382 1442 Inscius,
403 1397 517 1446 atque
534 1396 637 1433 ultro
656 1395 780 1433 verbis
801 1395 1002 1445 compellat
1021 1394 1172 1432 amicis:

222 1451 230 1467 ⁶
244 1448 454 1495 Festinate,
472 1448 565 1487 viri:
594 1463 672 1486 non
691 1461 776 1500 quae
794 1450 877 1486 tam
896 1462 978 1486 sera
995 1451 1166 1486 moratur

222 1501 411 1552 Segnities
426 1502 443 1541 ’.Ρ
472 1503 536 1540 alii
552 1503 706 1553 rapiunt
724 1503 877 1540 incensa
894 1503 1097 1552 feruntque

222 1554 431 1605 Pergama:
460 1569 527 1594 vos
547 1556 653 1594 celsis
672 1570 773 1594 nunc
791 1556 959 1607 primum
977 1570 999 1593 a
1016 1555 1176 1593 navibus
1195 1555 1260 1592 itis
1275 1553 1305 1592 ἴθ’

222 1607 335 1645 Dixit
352 1625 360 1654 ;
388 1611 427 1646 et
446 1610 812 1660 extemplo—neque
831 1610 933 1647 enim
951 1622 1129 1660 responsa
1147 1609 1336 1647 dabantur

223 1661 322 1698 Fida
340 1662 605 1700 satis—sensit
623 1663 766 1701 medios
786 1663 958 1713 delapsus
976 1663 1017 1700 in
1035 1663 1176 1700 hostes.

224 1714 446 1765 Obstupuit,
465 1718 641 1766 retroque
659 1717 794 1767 pedem
813 1730 901 1754 cum
919 1730 1009 1753 voce
1027 1715 1217 1766 repressit.

223 1768 482 1818 Improvisum
501 1770 620 1819 aspris
638 1770 759 1807 veluti
778 1770 843 1820 qui
862 1770 1032 1807 sentibus
1052 1783 1216 1820 anguem

223 1821 370 1859 Pressit
390 1823 499 1860 humi
516 1823 656 1870 nitens,
675 1823 921 1874 trepidusque
939 1825 1095 1873 repente
1113 1823 1256 1873 refugit

222 1875 481 1914 Attollentem
499 1876 584 1923 iras,
605 1879 644 1914 et
663 1877 798 1914 caerula
815 1877 911 1914 colla
927 1879 1165 1914 tumentem:

222 1929 344 1967 Haud
362 1943 467 1967 secus
486 1930 714 1981 Androgeus
732 1930 817 1967 visu
835 1930 1081 1968 tremefactus
1101 1930 1242 1967 abibat.

223 1982 423 2030 Irruimus⁷
443 1984 568 2021 densis
588 1987 627 2021 et
646 1984 984 2022 circumfundimur
1002 1983 1138 2030 armisg

223 2036 460 2087 Ignarosque
478 2037 552 2075 loci
570 2038 710 2088 passim
730 2040 768 2075 et
787 2037 987 2075 formidine
1007 2039 1137 2087 captos

223 2090 449 2129 Sternimus.
505 2091 662 2141 Aspirat
680 2091 803 2142 primo
821 2091 975 2129 fortuna
991 2090 1123 2128 labori.

223 2144 353 2195 Atque
371 2144 434 2182 hic
453 2158 627 2183 successu
645 2145 837 2183 exsultans
856 2145 1066 2194 animisque
1085 2143 1279 2191 Coroebus,

225 2200 234 2216 ‘
249 2197 282 2235 Ο
302 2198 404 2245 50011,
424 2212 499 2249 qua
515 2199 661 2249 prima,’
682 2198 819 2249 inquit,
840 2199 1016 2236 ‘fortuna
1033 2197 1166 2235 salutis

224 2250 421 2289 Monstrat
439 2252 524 2299 iter,
545 2266 692 2303 quaque
711 2252 880 2290 ostendit
899 2265 938 2290 se
957 2252 1101 2298 dextra,
1122 2264 1344 2301 sequamur:

225 2304 424 2343 Mutemus
445 2306 594 2356 clipeOS‚
617 2307 867 2357 Danaumque
885 2305 1051 2357 insignia
1068 2305 1177 2343 nobis

227 2358 425 2408 Aptemus.
481 2360 616 2407 Dolus,
636 2374 684 2398 an
702 2360 836 2406 virtus,
857 2360 939 2410 quis
958 2360 999 2396 in
1017 2359 1128 2397 hoste
1146 2358 1315 2408 requirat
1333 2357 1350 2396 P

228 2411 345 2449 Arma
362 2413 508 2451 dabunt
527 2413 624 2464 ipsi.’
682 2413 743 2452 Sic
761 2414 876 2460 fatus,
896 2413 1030 2451 deinde
1049 2414 1266 2450 comantem

230 2463 420 2516 Androgei·
439 2467 587 2517 galeam
605 2467 789 2518 clipeique
807 2467 956 2517 insigne
976 2467 1155 2504 decorum

230 2515 419 2567 Induitur,
437 2521 621 2571 laterique
639 2522 829 2572 Argivum
848 2521 1109 2559 accommodat
1128 2532 1268 2557 ensem.

231 2569 319 2609 Hoc
337 2572 519 2624 Rhipeus,
537 2575 611 2613 hoc
629 2575 710 2626 ipse
729 2575 889 2626 Dymas,
909 2574 1105 2624 omnisque
1118 2573 1301 2624 juventus

231 2622 344 2663 Laeta
359 2626 472 2676 facit3
499 2628 628 2680 spoliis
647 2642 686 2667 se
706 2629 863 2680 quisque
881 2628 1095 2666 recentibus
1115 2628 1248 2665 armat.

1409 114 1484 151 133
