1705 2744
590 75 782 104 AENEIDOS
801 76 885 103 LIB.
905 75 964 102 VI.

138 174 352 225 Aspectans
372 173 507 211 silvam
525 172 764 218 immensam,
783 173 823 209 et
843 171 895 209 sic
914 184 1006 209 voce
1024 172 1205 222 precatur
1221 186 1228 208 :

138 231 160 249 “
174 228 215 265 Si
233 241 336 265 nunc
355 240 394 265 se
412 225 522 264 nobis
540 225 603 264 ille
622 238 758 263 aureus
778 224 909 262 arbore
927 237 1055 262 ramus

139 281 331 320 Ostendat
348 293 502 318 nemore
520 279 561 316 in
578 279 711 317 tanto!
741 278 893 328 quando
913 277 1040 315 omnia
1057 291 1144 316 vere

138 335 233 373 Heu
250 333 414 372 nimium
434 333 480 371 de
497 335 538 371 te
556 335 676 378 vates,
697 332 859 377 Misene,
877 331 1009 369 locuta
1028 332 1126 370 est.''

138 387 214 425 Vix
232 401 276 425 ea
288 388 392 425 fatus
411 388 504 433 erat,
524 386 684 437 geminae
704 398 825 436 quum
843 385 942 422 forte
961 385 1146 423 columbae

137 441 230 492 Ipsa
248 441 320 479 sub
339 454 404 478 ora
421 439 494 477 viri
513 439 606 477 coelo
625 452 761 476 venere
780 438 965 484 volantes,

136 494 194 533 Et
212 494 325 532 viridi
343 494 470 532 sedere
489 493 581 531 solo.
637 492 740 530 Tum
757 491 947 529 maximus
965 491 1076 530 heros

136 547 336 586 Maternas
356 546 530 598 agnoscit
549 559 647 593 aves,
666 545 857 595 laetusque
876 548 1076 595 precatur:

136 601 269 639 “Este
288 601 413 647 duces,
433 614 466 647 o,
487 600 520 637 si
539 613 614 650 qua
631 599 694 637 via
712 601 781 645 est,
802 611 1032 649 cursumque
1050 612 1118 649 per
1136 611 1246 636 auras

134 654 304 706 Dirigite
322 654 362 691 in
380 654 499 702 lucos,
517 653 584 691 ubi
603 653 786 703 pinguem
805 652 909 690 dives
929 656 1064 702 opacat

135 707 283 745 Ramus
302 707 479 745 humum.
535 707 671 757 Tuque
690 720 723 752 ο,
743 705 869 743 dubiis
887 719 935 743 ne
954 706 1070 744 defice
1089 706 1213 751 rebus,

134 761 238 799 Diva
254 761 430 812 parens.”
488 760 548 798 Sic
568 761 705 798 effatus
724 759 887 809 vestigia
905 760 1054 809 pressit,

135 814 350 853 Observans
369 828 455 864 quae
476 814 585 864 signa
602 814 738 859 ferant,
759 826 834 863 quo
853 813 1009 851 tendere
1028 816 1203 864 pergant.

134 868 340 906 Pascentes
359 868 431 905 illae
448 870 605 905 tantum
624 866 774 917 prodire
792 866 967 913 volando⁷

135 921 335 968 Quantum
354 921 432 959 acie
450 923 605 971 possent
624 920 724 958 oculi
743 933 891 958 servare
911 922 1150 971 sequentum.

134 974 232 1013 Inde
251 975 319 1013 ubi
336 988 472 1012 venere
491 975 539 1012 ad
558 975 683 1012 fauces
703 973 958 1024 graveolentis
977 974 1133 1019 Averni,

134 1028 294 1066 Tollunt
313 1042 352 1066 se
371 1028 529 1074 celeres3
558 1028 822 1078 liquidumque
841 1040 908 1077 per
927 1030 1014 1065 aera
1032 1028 1144 1078 lapsae

134 1081 294 1120 Sedibus
314 1082 456 1132 optatis
476 1081 640 1132 geminae
661 1094 775 1131 super
794 1081 925 1118 arbore
945 1081 1088 1127 sidunt,

132 1134 308 1173 Discolor
326 1135 428 1173 unde
447 1135 530 1172 auri
548 1148 614 1185 per
632 1148 757 1172 ramos
777 1148 869 1171 aura
887 1134 1050 1172 refulsit.

133 1188 254 1235 Quale
273 1189 370 1227 solet
390 1188 496 1226 silvis
514 1188 678 1226 brumali
697 1188 837 1239 frigore
856 1187 1004 1225 viscum

132 1242 286 1280 Fronde
304 1242 425 1280 virere
444 1256 554 1289 nova,
575 1242 677 1292 quod
695 1255 773 1279 non
793 1255 862 1279 sua
880 1242 1044 1279 seminat
1063 1241 1184 1288 arbos,

132 1294 189 1333 Et
209 1309 339 1334 croceo
358 1296 442 1333 fetu
459 1298 601 1333 teretes
620 1295 854 1333 circumdare
872 1297 1052 1333 truncos:

133 1348 237 1387 Talis
256 1352 337 1387 erat
356 1349 497 1400 species
517 1349 600 1387 auri
617 1348 832 1386 frondentis
852 1362 969 1399 opaca

133 1401 249 1449 Ilice3
278 1403 331 1441 sic
348 1403 427 1441 leni
446 1403 658 1453 crepitabat
677 1402 833 1440 bractea
850 1405 980 1440 vento.

133 1454 302 1506 Corripit
321 1456 461 1494 AEneas
480 1456 684 1507 extemplo,
704 1456 912 1506 avidusque
930 1455 1108 1506 refringit

134 1507 404 1556 Cunctantem,
424 1512 464 1547 et
482 1510 582 1547 vatis
600 1512 731 1560 portat
751 1510 821 1547 sub
840 1512 945 1547 tecta
964 1509 1128 1559 Sibyllae.

188 1562 272 1600 Nec
290 1562 418 1600 minus
435 1563 582 1601 interea
600 1563 798 1601 Misenum
816 1563 857 1600 in
875 1563 988 1600 litore
1007 1563 1145 1600 Teucri

134 1613 311 1662 Flebant,
330 1617 370 1653 et
389 1616 505 1654 cineri
523 1616 676 1667 ingrato
696 1630 872 1666 suprema
889 1616 1074 1654 ferebant.

134 1667 328 1719 Principio
346 1669 530 1719 pinguem
548 1670 660 1707 taedis
679 1672 718 1707 et
736 1670 870 1707 robore
889 1673 993 1707 secto

132 1720 341 1771 Ingentem
360 1724 532 1760 struxere
550 1736 707 1773 pyram:
737 1723 799 1760 oui
812 1723 1009 1760 frondibus
1028 1722 1122 1760 atris

132 1774 324 1812 Intexunt
342 1775 472 1822 latera,
488 1778 528 1813 et
545 1776 678 1814 ferales
698 1778 787 1814 ante
805 1790 1000 1826 cupressos

132 1827 402 1875 Constituunt,
422 1829 677 1879 decorantque
697 1843 808 1880 super
826 1829 1064 1880 fulgentibus
1084 1828 1210 1866 armis.

130 1880 227 1919 Pars
247 1882 386 1919 calidos
406 1882 538 1920 latices
558 1885 598 1921 et
617 1883 738 1920 ahena
756 1883 944 1920 undantia
961 1883 1124 1920 flammis

129 1934 367 1985 Expediunt‚
387 1949 598 1986 corpusque
616 1936 749 1973 lavant
767 1936 943 1987 frigentis
963 1939 1002 1973 et
1021 1937 1226 1986 unguunt:

129 1987 199 2026 Fit
217 1988 398 2039 gemitus.
455 1989 558 2026 Tum
576 1990 747 2027 membra
764 1991 851 2027 toro
870 1989 1008 2027 defleta
1025 1991 1229 2040 reponunt,

128 2040 421 2093 Purpureasque
441 2056 555 2093 super
571 2045 708 2089 vestes,
727 2043 916 2080 velamina
934 2045 1038 2089 nota,

129 2094 373 2146 Conjiciunt:
402 2109 488 2146 pars
509 2096 660 2147 ingenti
679 2096 827 2134 subiere
845 2096 995 2143 feretro,

129 2147 258 2187 Triste
276 2149 556 2197 ministerium;
585 2152 624 2188 et
644 2149 856 2200 subjectam
874 2163 980 2187 more
997 2152 1202 2200 parentum

129 2201 266 2240 Aversi
283 2205 441 2241 tenuere
458 2204 592 2242 facem.
651 2203 845 2255 Congesta
864 2206 1084 2241 cremantur

129 2254 284 2293 Thurea
302 2256 411 2303 dona,
432 2257 557 2307 dapes,
576 2257 661 2295 fuso
681 2260 845 2295 crateres
865 2257 976 2295 olivo.

129 2307 343 2359 Postquam
362 2310 516 2360 collapsi
535 2311 688 2357 cineres,
709 2313 748 2348 et
766 2311 922 2348 flamma
941 2310 1099 2361 quievit,

130 2360 327 2412 Reliquias
345 2363 434 2401 vino
454 2366 493 2402 et
511 2364 679 2402 bibulam
701 2364 825 2403 lavere
843 2364 1036 2410 favillam3

130 2413 299 2465 Ossaque
317 2416 417 2454 lecta
435 2417 528 2455 cado
546 2418 646 2456 texit
665 2417 874 2469 Corynaeus
894 2418 1028 2455 aheno.

130 2465 239 2506 Idem
259 2471 319 2506 ter
337 2470 456 2508 socios
475 2484 571 2521 pura
590 2471 829 2509 circumtulit
848 2472 962 2517 unda,

131 2518 318 2571 Spargens
336 2537 420 2561 rore
438 2524 513 2561 levi
532 2527 572 2562 et
590 2538 696 2562 ramo
715 2525 834 2563 felicis
854 2525 976 2570 olivae,

130 2571 405 2627 Lustravitque
423 2577 536 2625 viros,
556 2578 729 2629 dixitque
748 2578 954 2617 novissima
973 2577 1097 2616 verba.

742 2643 768 2677 Q

1337 65 1415 103 225
