1705 2744
257 106 334 143 204
662 113 696 139 P.
717 111 902 138 VtRGILII
921 111 1108 138 MARONIS

258 210 306 247 In
326 208 491 247 medium
511 207 681 257 geminos
699 206 855 244 immani
873 205 1035 256 pondere
1054 207 1177 243 cestus

258 262 434 312 Proiecit,
454 262 588 312 quibus
608 273 690 298 acer
709 260 815 309 Eryx
833 259 873 296 in
891 258 1022 309 proelia
1040 261 1169 296 suetus

259 315 374 353 Ferre
393 328 559 360 manum,
580 314 744 363 duroque
763 312 957 349 intendere
975 311 1127 348 brachia
1144 313 1265 361 tergo.

259 369 496 418 Obstupuere
515 366 650 404 animi:
680 368 876 403 tantorum
893 364 1064 414 ingentia
1083 366 1228 413 septem

259 421 383 471 Terga
401 421 515 457 boum
534 419 687 469 plumbo
706 419 833 455 insuto
852 418 1021 467 ferroque
1039 417 1224 467 rigebant.

258 475 362 511 Ante
381 486 509 511 omnes
529 474 657 522 stupet
676 471 753 521 ipse
774 471 904 516 Dares,
923 471 1106 520 longeque
1125 471 1294 516 recusat3

259 526 602 577 Magnanimusque
621 523 867 561 Anchisiades
886 525 925 560 et
942 523 1088 572 pondus
1107 525 1146 560 et
1164 522 1245 572 ipsa

259 580 349 617 Huc
368 580 456 616 illuc
475 579 683 616 vinclorum
702 577 885 614 immensa
898 575 1090 613 volumina
1107 578 1243 613 versat.

258 633 358 670 Tum
378 632 499 670 senior
517 632 611 669 tales
629 630 812 668 referebat
831 632 980 680 pectore
999 641 1107 666 voces
1123 645 1130 666 ε

259 1366 279 1382 “
293 1363 404 1410 Quid,
424 1363 455 1400 si
474 1363 556 1414 quis
576 1366 699 1401 cestus
718 1363 834 1414 ipsius
854 1366 893 1401 et
911 1363 1088 1400 Herculis
1108 1376 1211 1400 arma

258 1415 436 1463 Vidisset,
455 1417 678 1467 tristemque
696 1417 767 1454 hoc
786 1417 866 1467 ipso
884 1417 924 1454 in
942 1417 1052 1454 litore
1070 1415 1269 1466 pugnam?

258 1469 352 1506 Haec
372 1483 571 1519 germanus
590 1471 697 1520 Eryx
717 1470 905 1520 quondam
923 1472 1012 1506 tuus
1032 1483 1135 1506 arma
1153 1469 1329 1519 gerebat:

258 1521 448 1572 Sanguine
467 1523 585 1560 cernis
605 1523 726 1560 adhuc
745 1524 936 1573 fractoque
955 1523 1095 1560 infecta
1113 1522 1273 1559 cerebro.

258 1575 333 1611 His
352 1588 532 1625 magnum
553 1576 709 1613 Alciden
729 1579 860 1613 contra
879 1576 1010 1621 stetit;
1037 1575 1097 1612 his
1117 1588 1186 1624 ego
1206 1577 1346 1620 suetus,

257 1627 364 1664 Dum
382 1629 514 1666 melior
531 1629 628 1666 vires
648 1629 800 1679 sanguis
820 1629 944 1674 dabat,
967 1628 1104 1665 aemula
1122 1628 1282 1665 necdum

258 1680 506 1730 Temporibus
525 1682 684 1732 geminis
704 1682 861 1719 canebat
880 1695 1006 1731 sparsa
1024 1683 1208 1718 senectus,

258 1733 342 1780 Sed,
362 1734 393 1771 si
412 1737 541 1772 nostra
559 1735 679 1772 Dares
698 1735 781 1772 haec
801 1735 935 1772 Tro'l'us
955 1747 1059 1771 arma
1075 1736 1235 1780 recusat,

258 1786 379 1836 quue
393 1788 454 1837 pio
474 1788 578 1825 sedet
597 1788 737 1833 AEneae,
756 1788 891 1838 probat
911 1790 1041 1824 auctor
1059 1788 1228 1833 Acestes,

257 1840 464 1889 AEquemus
483 1855 640 1891 pugnas,
696 1841 831 1891 Erycis
850 1841 922 1878 tibi
940 1844 1049 1891 terga
1066 1840 1244 1887 remitto;

259 1892 367 1930 Solve
387 1896 532 1939 metus;
560 1897 599 1931 et
617 1897 663 1931 tu
682 1894 863 1944 Trojanos
883 1907 974 1931 exue
993 1893 1156 1931 cestus.”

259 1945 354 1983 Haec
374 1946 473 1983 fatus
493 1947 678 1997 duplicem
697 1961 742 1985 ex
760 1947 925 1984 humeris
944 1947 1072 1997 rejecit
1091 1946 1284 1990 amictum,

259 1998 315 2035 Et
333 2012 489 2048 magnos
508 2001 762 2037 membrorum
782 2003 898 2046 artus,
917 2013 1055 2049 magna
1074 2012 1157 2037 ossa
1173 1999 1405 2046 lacertosque

260 2051 391 2097 Exuit,
411 2055 523 2102 atque
541 2053 674 2102 ingens
693 2053 816 2090 media
834 2053 1008 2090 consistit
1027 2065 1148 2089 arena.

258 2103 355 2141 Tum
375 2107 478 2141 satus
497 2106 664 2142 Anchisa
683 2108 806 2143 cestus
824 2109 932 2155 pater
950 2105 1087 2142 extulit
1106 2116 1240 2153 aequos,

259 2156 314 2194 Et
332 2158 481 2207 paribus
500 2158 642 2208 palmas
662 2158 857 2195 amborum
875 2158 1048 2194 innexuit
1066 2157 1191 2194 armis.

259 2209 445 2248 Constitit
463 2210 502 2247 in
522 2210 662 2261 digitos
682 2211 870 2260 extemplo
889 2212 1054 2247 arrectus
1073 2212 1243 2259 uterque,

259 2261 494 2313 Brachiaque
514 2264 560 2301 ad
580 2277 730 2313 superas
750 2263 946 2300 interritus
966 2262 1104 2300 extulit
1123 2275 1243 2299 auraS.

258 2316 458 2354 Abduxere
477 2319 577 2354 retro
596 2316 707 2366 longe
726 2317 849 2366 capita
868 2316 983 2353 ardua
1001 2316 1046 2352 ab
1065 2315 1156 2361 ictu,

259 2368 555 2420 Immiscentque
573 2383 706 2407 manus
725 2369 909 2414 manibus,
927 2381 1168 2418 pugnamque
1186 2368 1374 2405 lacessunt
1389 2383 1397 2414 3

258 2421 330 2459 Ille
349 2422 487 2472 pedum
505 2423 638 2460 melior
656 2425 765 2460 motu
783 2423 974 2472 fretusque
988 2422 1158 2471 juventa,

259 2474 337 2512 Hic
356 2476 533 2513 membris
553 2478 591 2513 et
611 2476 708 2513 mole
726 2475 876 2513 valens:
906 2475 969 2512 sed
988 2474 1098 2511 tarda
1114 2473 1296 2511 trementi

259 2527 393 2565 Genua
409 2529 561 2575 labant3
589 2532 715 2566 vastos
735 2529 859 2578 quatit
881 2541 980 2578 aeger
999 2527 1189 2564 anhelitus
1209 2529 1326 2564 artus,

258 2580 388 2619 Multa
406 2582 476 2619 viri
495 2582 747 2632 nequidquam
764 2582 864 2619 inter
884 2594 922 2618 se
940 2580 1096 2618 vulnera
1107 2580 1269 2631 jactant,
