1705 2744
361 129 438 167 252
774 138 808 164 P.
828 137 1014 164 vaILn
1033 137 1220 165 MARoms

362 233 413 270 In
432 232 554 270 dubiis
574 245 750 282 responsa
768 233 915 282 petunt.
973 231 1063 269 Huc
1082 231 1181 270 dona
1198 231 1367 270 sacerdos

362 287 490 332 Quum
508 285 611 331 tulit,
632 287 671 322 et
690 297 872 322 caesarum
890 284 1018 322 ovium
1037 285 1107 322 sub
1126 286 1236 322 nocte
1255 284 1383 322 silenti

363 338 531 376 Pellibus
550 337 723 375 incubuit
743 337 884 383 stratis,
904 350 1128 386 somnosque
1147 337 1306 387 petivit:

363 391 493 428 Multa
511 390 632 428 modis
651 390 850 427 simulacra
868 390 972 427 videt
991 390 1192 428 volitantia
1210 390 1327 436 miris,

362 444 420 482 Et
438 444 558 481 varias
577 443 683 480 audit
701 456 822 489 voces
841 443 1052 492 fruiturque
1071 438 1226 480 deorum

364 496 571 546 Colloquio,
591 499 704 545 atque
722 496 807 532 imis
827 496 1046 533 Acheronta
1064 496 1200 532 affatur
1219 495 1391 533 Avernis.

364 550 442 587 Hie
462 553 501 586 et
520 552 605 586 tum
624 551 731 599 pater
748 548 827 598 ipse
846 550 977 598 petens
997 561 1174 598 responsa
1192 548 1354 585 Latinus

364 602 530 640 Centum
548 601 732 652 lanigeras
751 601 943 638 mactabat
961 601 1033 638 rite
1051 601 1234 647 bidentes,

364 657 493 704 Atque
511 655 646 692 harum
665 655 818 691 effultus
836 656 946 705 tergo
965 654 1168 702 stratisque
1181 653 1332 703 jacebat

364 708 597 745 Velleribus:
627 707 753 744 subita
771 721 816 745 ex
834 707 913 744 alto
932 720 1004 744 vox
1022 706 1171 744 reddit-a
1188 707 1272 744 luco
1291 708 1371 744 est:

365 764 386 780 ‘⁶
400 760 461 798 Ne
479 763 566 811 pete
585 760 780 798 connubiis
794 762 924 797 natam
943 759 1081 797 sociare
1101 759 1261 804 Latinis,

366 814 399 851 Ο
418 827 502 851 mea
519 813 727 864 progenies,
745 812 924 850 thalamis
943 826 1017 850 neu
1036 813 1142 849 crede
1161 811 1324 861 paratis3

365 867 528 904 Externi
548 866 705 904 veniunt
724 866 863 915 generi,
883 866 947 915 qui
966 865 1147 916 sanguine
1165 867 1340 902 nostrum

364 919 519 957 Nomen
537 919 575 956 ‘m
596 921 698 956 astra
714 919 848 965 ferant,
868 932 1100 968 quorumque
1119 918 1165 955 ab
1184 918 1300 967 stirpe
1318 918 1474 967 nepotes

367 972 506 1010 Omnia
523 972 593 1009 sub
611 972 780 1022 pedibus,
799 985 872 1020 qua
891 972 957 1008 Sol
976 974 1180 1020 utrumque
1198 983 1390 1008 recurrens

366 1025 517 1076 Aspicit
536 1025 739 1071 Oceanum,
757 1025 928 1074 vertique
946 1024 1099 1075 regique
1117 1023 1340 1061 videbunt.”

371 1978 469 2015 Haec
487 1991 665 2028 responsa
683 1978 801 2027 patris
822 1977 956 2023 Fauni,
976 1977 1218 2025 monitusque
1237 1974 1365 2012 silenti

370 2031 497 2068 Nocte
516 2031 636 2076 datos,
655 2044 732 2068 non
750 2031 829 2080 ipse
848 2044 915 2068 suo
934 2030 1073 2080 premit
1092 2043 1154 2067 ore
1174 2028 1357 2065 Latinus:

372 2083 447 2121 Sed
465 2084 606 2121 circum
623 2083 700 2120 late
718 2084 882 2120 volitans
895 2083 977 2132 jam
997 2083 1116 2119 Fama
1134 2095 1201 2131 per
1219 2081 1329 2117 urbes

371 2136 559 2174 Ausonias
578 2136 730 2182 tulerat,
751 2149 867 2184 quum
887 2135 1162 2172 Laomedontia
1179 2133 1296 2183 pubes

372 2188 575 2226 Gramineo
594 2188 687 2238 ripae
707 2188 882 2238 religavit
901 2189 948 2225 ab
967 2200 1103 2237 aggere
1122 2186 1290 2223 classem.

425 2242 564 2279 AEneas
583 2241 768 2291 primique
787 2241 900 2278 duces
919 2243 958 2278 et
977 2239 1133 2290 pulcher
1152 2238 1260 2275 Iulus

373 2295 539 2345 Corpora
557 2295 626 2332 sub
645 2294 758 2331 ramis
778 2295 971 2344 deponunt
991 2292 1131 2330 arboris
1151 2291 1262 2337 altae3

372 2348 665 2397 Instituuntque
684 2348 808 2397 dapes,
828 2349 866 2384 et
886 2346 1019 2384 adorea
1036 2345 1113 2382 liba
1130 2358 1196 2395 per
1213 2343 1371 2381 herbam

373 2401 587 2450 Subjiciunt
605 2400 842 2450 epulis‚—sic
863 2399 1017 2449 Jupiter
1034 2398 1096 2435 ille
1114 2397 1346 2435 monebat—

373 2454 429 2491 Et
448 2453 598 2491 Cereale
617 2453 738 2490 solum
756 2452 877 2503 pomis
896 2451 1106 2502 agrestibus
1126 2452 1279 2500 augent.

374 2506 594 2544 Consumtis
612 2506 674 2543 hic
692 2506 790 2543 forte
809 2505 901 2551 aliis,
920 2508 965 2542 ut
984 2506 1130 2542 vertere
1147 2516 1294 2540 morsus

373 2559 565 2609 Exiguam
583 2559 623 2596 in
643 2558 816 2596 Cererem
834 2558 990 2608 penuria
1008 2557 1135 2607 adegit
1154 2555 1299 2601 edendi,

373 2612 430 2650 Et
449 2612 587 2650 violare
606 2625 722 2649 manu
740 2611 921 2661 malisque
941 2610 1142 2648 audacibus
1161 2609 1291 2647 orbem
