1705 2744
1433 78 1455 114 10

613 90 801 117 „nymnos
822 89 904 116 Lm.
925 90 973 115 11.
1407 79 1429 115 1
1460 78 1482 115 7

212 187 268 224 Et
288 186 397 224 salsae
417 186 556 236 fruges,
576 188 615 223 et
634 185 775 223 circum
793 188 966 235 tempora
982 185 1107 222 vittae.

211 240 359 290 Eripui,
378 240 510 286 fateor,
529 240 607 277 leto
625 252 698 285 me,
718 241 756 276 et
774 239 926 276 vincula
944 239 1051 289 rupi3

211 293 440 344 Limosoque
458 293 543 330 lacu
560 306 626 343 per
644 295 798 330 noctem
817 293 997 330 obscurus
1016 292 1056 328 in
1074 292 1163 328 ulva

212 346 361 384 Delitui
381 347 472 384 dum
490 346 573 384 vela
591 346 736 391 darent,
757 346 788 383 si
806 346 904 383 forte
923 345 1126 383 dedissent.

211 400 295 438 Nec
315 400 411 437 mihi
424 400 505 451 jam
524 399 687 449 patriam
707 399 904 449 antiquam
923 412 1006 449 spes
1024 399 1102 435 ulla
1120 398 1282 444 videndi,

211 454 295 491 Nec
315 454 441 491 dulces
459 456 570 491 natos
591 456 888 503 exoptatumque
906 455 1102 503 parentem
1117 468 1124 497 3

213 507 315 553 Quos
334 507 390 544 illi
407 507 483 544 fors
503 507 550 544 ad
567 520 698 557 poenas
717 507 765 544 ob
784 508 916 544 nostra
933 507 1130 556 reposcent

211 560 378 610 Effugia,
399 563 437 598 et
457 560 606 610 culpam
624 560 722 597 hanc
742 560 966 597 miserorum
983 562 1107 596 morte
1125 558 1296 608 piabunt.

213 614 323 660 Quod
341 617 381 651 te
399 627 466 664 per
485 627 638 664 superos
658 615 696 651 et
716 613 863 651 conscia
881 612 1038 650 numina
1057 612 1146 658 veri,

214 667 299 713 Per,
319 667 351 704 si
370 681 443 717 qua
463 670 532 713 est,
553 681 635 717 quae
653 669 772 704 restet
791 667 913 703 adhuc
932 666 1157 703 mortalibus
1175 679 1333 716 usquam

212 720 449 758 Intemerata
467 721 571 767 fides,
591 734 668 767 oro,
686 720 861 757 miserere
879 720 1050 757 laborum

212 774 447 820 Tantorum3
475 774 650 811 miserere
669 773 785 811 animi
803 787 881 810 non
900 773 1015 824 digna
1033 772 1213 810 ferentis.’

267 831 287 846 ‘⁴
301 828 377 864 His
395 827 560 865 lacrimis
578 827 700 864 vitam
719 827 863 873 damUS,
883 829 922 864 et
941 826 1215 864 miserescimus
1234 825 1347 863 ultro.

213 881 302 931 Ipse
321 881 402 918 viro
421 881 565 931 primus
583 880 750 918 manicas
770 882 884 930 atque
904 882 1007 918 arcta
1024 880 1141 917 levari

212 934 349 971 Vincla
361 934 473 984 jubet
494 933 680 980 Priamus,
700 934 886 984 dictisque
905 934 961 971 ita
979 934 1082 970 fatui·
1101 933 1251 971 amicis:

213 991 222 1007 ‘
236 987 414 1038 Quisquis
433 1001 483 1034 es,
503 987 658 1024 amissos
677 987 766 1024 hinc
780 987 862 1038 jam
881 987 1098 1025 obliviscere
1119 987 1252 1024 Graios
1268 1003 1274 1023 :

213 1041 358 1079 Noster
377 1041 472 1087 eris;
500 1041 669 1091 mihique
687 1041 767 1078 haec
787 1041 948 1078 edissere
966 1054 1055 1078 Vera
1074 1041 1238 1091 roganti.

213 1095 297 1141 Quo
316 1094 456 1132 molem
475 1094 572 1132 hanc
591 1094 768 1131 immanis
788 1095 874 1145 equi
893 1093 1093 1132 statuere?
1113 1094 1196 1145 quis
1217 1092 1378 1131 auctor?

214 1148 361 1194 Quidve
380 1150 518 1198 petunt
534 1147 551 1186 i>
581 1161 662 1197 quae
681 1147 845 1198 religio?
876 1150 943 1185 aut
963 1161 1045 1198 quae
1064 1148 1243 1185 machina
1262 1147 1350 1185 belli
1368 1147 1400 1184 ?'

211 1201 384 1239 Dixerat.
441 1201 512 1239 Ille
532 1201 626 1239 dolis
646 1202 856 1239 instructus
877 1204 915 1239 et
935 1204 1016 1238 arte
1036 1201 1207 1252 Pelasga,

214 1254 380 1292 Sustulit
399 1262 532 1292 exutas
550 1254 685 1292 vinclis
705 1255 753 1292 ad
771 1255 893 1292 sidera
910 1254 1055 1305 palmas
1073 1271 1080 1292 :

215 1311 223 1327 ‘
236 1308 315 1346 Vos
336 1308 467 1346 aeterni
484 1308 603 1359 ignes,
624 1311 663 1346 et
682 1322 760 1346 non
777 1308 952 1346 violabile
971 1311 1143 1346 vestrum

214 1361 351 1399 Testor
369 1362 535 1408 numen‚’
559 1362 635 1409 ait3
665 1365 673 1381 ⁶
686 1376 753 1400 vos
773 1376 844 1400 arae
864 1375 1043 1412 ensesque
1062 1362 1226 1407 nefandi,

216 1415 318 1462 Quos
337 1415 431 1466 fugi,
450 1415 633 1466 vittaeque
652 1416 776 1461 deum,
797 1429 888 1466 quas
907 1416 1034 1453 hostia
1051 1415 1172 1467 gessi:

215 1468 291 1506 Fas
310 1469 406 1506 mihi
425 1468 628 1507 Graiorum
648 1471 794 1507 sacrata
811 1469 995 1507 resolvere
1009 1470 1107 1520 jura,

215 1521 291 1559 Fas
310 1522 431 1559 odisse
449 1522 560 1568 viros,
579 1525 694 1573 atque
712 1523 840 1560 omnia
856 1523 952 1561 ferre
971 1523 1041 1560 sub
1060 1536 1180 1568 auras,

215 1574 255 1611 Si
275 1589 348 1625 qua
366 1578 528 1626 tegunt:
556 1578 690 1614 teneor
708 1577 840 1627 patriae
858 1590 927 1614 nec
946 1577 1094 1627 legibus
1113 1576 1212 1613 ullis.

214 1628 277 1665 Tu
295 1629 407 1666 modo
425 1629 618 1679 promissis
636 1643 799 1676 maneas,
818 1632 1039 1680 servataque
1059 1643 1182 1667 serves

215 1681 330 1732 Troja
348 1682 473 1729 fidem,
494 1682 525 1719 si
543 1696 632 1720 vera
649 1683 778 1730 feram,
798 1683 830 1720 si
848 1697 988 1734 magna
1005 1684 1220 1733 rependam.

269 1738 290 1754 “
304 1738 313 1754 ‘
330 1735 463 1772 Omnis
483 1749 565 1786 spes
585 1736 763 1774 Danaum
782 1738 821 1774 et
841 1737 957 1787 coepti
975 1737 1113 1774 fiducia
1130 1736 1219 1774 belli

215 1787 381 1826 Palladis
401 1789 548 1826 auxiliis
567 1803 713 1840 semper
732 1790 853 1827 stetit.
910 1789 1058 1840 Impius
1078 1803 1123 1827 ex
1143 1804 1216 1840 quo

215 1841 382 1891 Tydides
401 1842 466 1880 sed
485 1842 597 1890 enim,
617 1843 871 1893 scelerumque
888 1843 1065 1881 inventor
1084 1843 1226 1890 Ulixes,

215 1894 350 1933 Fatale
369 1896 537 1946 aggressi
555 1899 701 1934 sacrato
720 1897 877 1934 avellere
895 1897 1039 1947 templo

218 1948 446 1995 Palladium,
467 1949 569 1987 caesis
589 1963 746 1987 summae
766 1950 986 1988 custodibus
1007 1950 1112 1997 arcis,

215 2001 437 2053 Corripuere
456 2016 601 2040 sacram
619 2004 792 2054 effigiem,
811 2003 1059 2054 manibusque
1078 2004 1243 2042 cruentis

214 2055 414 2106 Virgineas
434 2056 516 2094 ausi
534 2057 628 2094 divae
648 2057 868 2108 contingere
885 2057 1027 2104 vittas3

214 2108 276 2146 Ex
294 2109 358 2146 illo
376 2109 491 2148 fluere
510 2123 552 2148 ac
570 2112 672 2148 retro
692 2111 866 2161 sublapsa
883 2111 1013 2149 referri

215 2162 307 2212 Spes
326 2163 516 2210 Danaum,
534 2164 665 2202 fractae
683 2164 792 2210 vires,
813 2177 942 2202 aversa
961 2165 1038 2202 deae
1058 2178 1178 2202 mens.

214 2215 297 2254 Nec
317 2217 441 2255 dubiis
461 2231 503 2255 ea
521 2218 631 2268 signa
649 2218 754 2256 dedit
772 2218 947 2256 Tritonia
964 2219 1158 2256 monstris

213 2268 290 2307 Vix
307 2270 476 2320 positum
495 2271 627 2309 castris
647 2271 912 2310 simulacrum:
941 2285 1062 2310 arsere
1082 2285 1243 2310 coruscae

217 2321 444 2362 Luminibus
462 2324 623 2363 flammae
643 2326 809 2373 arrectis,
829 2326 1021 2376 salsusque
1039 2339 1106 2376 per
1124 2328 1230 2363 artus

217 2375 337 2414 Sudor
354 2377 423 2425 iit3
450 2380 583 2429 terque
601 2379 683 2429 ipsa
701 2379 793 2426 solo,
811 2379 983 2417 mirabile
1002 2379 1119 2426 dictu,

216 2428 398 2477 Emicuit,
416 2445 661 2483 parmamque
678 2433 801 2471 ferens
819 2433 1045 2483 hastamque
1062 2435 1304 2471 trementem.

218 2481 422 2535 Extemplo
439 2487 626 2524 tentanda
643 2486 736 2538 fuga
754 2487 856 2525 canit
875 2500 1025 2537 aequora
1043 2486 1202 2524 Calchas
1217 2503 1225 2533 ;

218 2534 300 2573 Nec
317 2550 424 2587 posse
442 2539 631 2590 Argolicis
650 2540 818 2578 exscindi
836 2540 1024 2591 Pergama
1040 2539 1140 2586 telis,

219 2587 356 2629 Omina
371 2591 413 2629 ni
429 2594 605 2644 repetant
623 2593 751 2645 Argis,
770 2607 985 2645 numenque
1002 2594 1197 2641 reducant,
