1705 2744
282 111 360 148 282
687 120 722 146 Ρ.
742 120 929 147 VIRGILII
956 121 1146 149 MAnoms

283 214 456 252 Infernas
474 215 615 252 reseret
633 214 749 261 sedes,
769 217 808 252 et
826 228 944 265 regna
961 215 1132 253 recludat

282 268 439 313 Pallida,
458 268 515 305 dis
534 268 675 313 invisa3
703 281 885 318 superque
903 268 1067 306 immane
1087 269 1310 308 barathrum

282 321 479 366 Cei-natur,
498 321 763 370 trepidentque
782 321 949 358 immisso
969 321 1110 359 lumine
1130 336 1270 360 manes.

282 374 388 424 Ergo
407 374 597 423 insperata
615 374 839 423 deprensum
858 374 898 410 in
916 374 998 411 luce
1017 378 1182 424 repente,

283 427 554 476 Inclusumque
574 440 664 464 cavo
684 440 783 472 saxo,
803 429 917 476 atque
935 427 1085 464 insueta
1103 428 1315 476 rudentem,

282 480 455 529 Desuper
473 479 624 516 Alcides
643 480 729 517 telis
749 480 898 529 premit,
919 480 1118 530 omniaque
1137 495 1241 518 arma

282 533 468 578 Advocat,
488 535 527 570 et
545 532 658 569 ramis
678 533 868 582 vastisque
886 533 1091 570 molaribus
1110 534 1243 571 instat.

284 585 356 623 Ille
375 588 514 632 autem,
535 599 654 634 neque
675 586 775 622 enim
794 585 885 635 suga
896 586 976 636 jam
997 599 1108 635 super
1127 587 1204 624 ulla
1221 587 1361 637 pericli,

285 638 472 676 Faucibus
490 639 686 688 ingentem
705 639 864 684 fumum,
884 639 1053 676 mirabile
1073 639 1190 686 dictu,

283 691 453 737 Evomit,
472 692 707 741 involvitque
726 692 881 729 domum
900 692 1058 742 caligine
1077 706 1183 738 caeca,

283 744 534 794 Prospectum
553 745 712 795 eripiens
732 744 870 790 oculis;
898 744 1159 795 glomeratque
1178 745 1247 783 sub
1267 747 1378 783 antro

284 798 518 835 Fumiferam
537 801 688 835 noctem
708 798 922 835 commixtis
941 798 1029 847 igne
1047 799 1224 836 tenebris.

283 851 375 888 Non
393 851 486 888 tulit
504 851 655 888 Alcides
675 851 821 897 animis,
841 864 953 899 seque
971 851 1050 901 ipse
1069 864 1135 901 per
1153 852 1283 902 ignem

285 903 478 954 Praecipiti
496 904 625 954 injecit
645 904 756 950 saltu,
777 917 850 953 qua
867 904 1051 953 plurimus
1071 905 1212 942 undam

286 957 433 994 Fumus
453 957 545 1007 agit,
564 957 772 1007 nebulaque
791 957 924 1007 ingens
944 970 1074 1007 specus
1093 961 1230 995 (estuat
1249 959 1342 995 atra.

286 1010 363 1047 Hic
384 1010 524 1047 Cacum
543 1011 582 1047 in
601 1010 767 1048 tenebris
786 1009 958 1047 incendia
976 1024 1072 1047 vana
1092 1014 1308 1048 vomentem

286 1062 452 1113 Corripit
469 1063 509 1100 in
527 1064 671 1101 nodum
689 1063 915 1113 complexus,
935 1065 974 1100 et
993 1063 1101 1113 angit
1119 1064 1309 1102 inhaerens

285 1116 410 1153 Elisos
429 1117 568 1162 oeulos,
588 1119 627 1154 et
647 1117 787 1154 siccum
807 1116 989 1166 sanguine
1008 1120 1156 1166 guttur.

285 1169 474 1206 Panditur
493 1170 680 1219 extemplo
699 1170 841 1207 foribus
861 1170 995 1207 domus
1015 1172 1097 1206 atra
1114 1170 1283 1216 revulsis,

283 1222 570 1272 Abstractaeque
588 1223 701 1260 boves
720 1223 974 1272 abjurataeque
991 1223 1134 1272 rapinae

285 1274 389 1312 Coelo
409 1276 673 1322 ostenduntur,
692 1276 923 1325 pedibusque
941 1276 1101 1312 informe
1121 1275 1279 1313 cadaver

284 1328 540 1365 Protrahitur.
596 1329 804 1378 Nequeunt
823 1329 961 1378 expleri
980 1329 1092 1365 corda
1109 1329 1252 1366 tuendo

284 1381 484 1419 Terribiles
503 1381 642 1428 oculos,
661 1382 823 1427 vultum,
844 1382 1047 1431 villosaque
1067 1381 1172 1418 saetis

284 1433 446 1472 Pectora
464 1435 637 1480 semiferi,
657 1437 770 1484 atque
789 1434 996 1472 exstinctos
1015 1434 1184 1471 faucibus
1203 1434 1322 1484 ignes.

284 1487 346 1524 Ex
363 1487 428 1525 illo
448 1487 657 1524 celebratus
675 1487 806 1533 honos,
826 1487 977 1537 laetique
995 1486 1158 1524 minores

285 1540 486 1577 Servavere
506 1541 617 1586 diem,
636 1540 853 1589 primusque
872 1540 1040 1577 Potitius
1061 1543 1204 1586 auctor,

285 1593 341 1630 Et
360 1593 496 1630 domus
515 1593 696 1630 Herculei
716 1597 843 1630 custos
863 1593 1016 1629 Pinaria
1034 1592 1140 1629 sacri.

287 1646 421 1695 [Hanc
439 1660 543 1683 aram
562 1646 647 1683 luco
667 1646 816 1692 statuit,
836 1659 919 1694 quae
939 1646 1111 1682 Maxima
1129 1658 1275 1695 semper

284 1699 446 1736 Dicetur
464 1699 583 1744 nobis,
604 1702 643 1736 et
662 1699 734 1736 erit
753 1711 838 1749 quae
858 1698 1021 1735 maxima
1039 1698 1215 1748 semper]

285 1752 409 1798 Quare
428 1753 542 1802 agite,
563 1766 584 1789 o
598 1752 768 1803 juvenes,
787 1754 982 1789 tantarum
1001 1751 1041 1788 in
1061 1765 1214 1788 munere
1233 1750 1388 1788 laudum

286 1805 440 1855 Cingite
458 1805 589 1842 fronde
609 1819 746 1850 comaS,
766 1807 805 1842 et
823 1805 957 1854 pocula
974 1805 1124 1854 porgite
1143 1804 1298 1850 dextris,

286 1857 610 1908 Communemque
629 1860 761 1895 vocate
780 1858 903 1903 deum,
923 1860 962 1895 et
981 1858 1068 1895 date
1086 1857 1175 1894 vina
1192 1856 1402 1895 volentes.''

287 1911 468 1949 Dixerat:
498 1911 688 1949 Herculea
706 1911 847 1948 bicolor
865 1924 983 1960 quum
1002 1910 1162 1961 populus
1181 1911 1317 1948 umbra

287 1964 512 2013 Velavitque
531 1977 667 2009 comas,
686 1964 858 2013 foliisque
876 1965 1013 2001 innexa
1030 1963 1221 2014 pependit,

288 2017 344 2053 Et
363 2031 464 2054 sacer
483 2017 656 2066 implevit
675 2017 847 2054 dextram
867 2017 1043 2067 scyphus.
1100 2016 1214 2054 Ocius
1233 2028 1362 2054 omnes

289 2069 339 2106 In
357 2083 526 2107 mensam
545 2070 626 2107 laeti
644 2070 777 2115 libant,
797 2070 976 2118 divosque
995 2077 1203 2119 precantur.

342 2122 496 2160 Devexo
514 2123 659 2159 interea
675 2123 827 2172 propior
845 2123 891 2159 fit
909 2122 1052 2171 Vesper
1071 2122 1247 2172 Olympo.

289 2175 453 2225 Jamque
473 2176 684 2213 sacerdotes
702 2175 919 2224 primusque
939 2175 1107 2212 Potitius
1126 2175 1234 2211 ibant

290 2228 458 2266 Pellibus
476 2228 515 2265 in
534 2241 679 2265 morem
697 2228 824 2274 cincti,
842 2228 1086 2277 flammasque
1103 2227 1285 2264 ferebant.

292 2281 536 2331 [Instaurant
555 2281 694 2331 epulas,
714 2283 752 2317 et
771 2293 912 2318 mensae
931 2283 1041 2330 grata
1060 2280 1234 2317 seeundae

290 2335 403 2372 Dona
421 2335 560 2379 ferunt,
579 2333 847 2383 cumulantque
866 2333 1030 2370 oneratis
1048 2333 1218 2370 lancibus
1236 2331 1350 2382 aras.]

290 2388 391 2424 Tum
411 2387 501 2424 Salii
519 2387 566 2424 ad
585 2390 718 2424 cantus
736 2387 889 2424 incensa
907 2386 1040 2423 altaria
1058 2385 1200 2423 circum

290 2440 468 2491 Populeis
487 2440 626 2477 adsunt
646 2439 786 2477 evincti
804 2442 977 2489 tempora
993 2438 1128 2484 ramis3

290 2493 369 2531 Hic
383 2494 569 2544 juvenum
587 2493 735 2538 chorus,
754 2492 815 2529 ille
835 2506 978 2538 senum,
999 2492 1063 2541 qui
1082 2491 1247 2529 carmine
1263 2491 1394 2528 laudes

292 2546 499 2584 Herculeas
519 2549 558 2583 et
576 2547 678 2584 facta
696 2546 844 2583 ferunt:
873 2548 920 2582 ut
938 2545 1060 2595 prima
1077 2556 1250 2581 novercae

291 2600 470 2638 Monstra
487 2613 603 2636 manu
621 2599 865 2649 geminosque
884 2611 1058 2648 premens
1077 2597 1217 2635 eliserit
1237 2595 1395 2646 anguis;
