<?xml version="1.0" encoding="UTF-8"?>
<!DOCTYPE html PUBLIC "-//W3C//DTD XHTML 1.0 Transitional//EN"
    "http://www.w3.org/TR/xhtml1/DTD/xhtml1-transitional.dtd">
<html xmlns="http://www.w3.org/1999/xhtml" xml:lang="en" lang="en">
 <head>
  <title>
</title>
<meta http-equiv="Content-Type" content="text/html;charset=utf-8" />
  <meta name='ocr-system' content='tesseract 3.04.00' />
  <meta name='ocr-capabilities' content='ocr_page ocr_carea ocr_par ocr_line ocrx_word'/>
</head>
<body>
  <div class='ocr_page' id='page_1' title='image "./worksfromtextofh00virguoft_0428.png"; bbox 0 0 1674 2775; ppageno 0'>
   <div class='ocr_carea' id='block_1_1' title="bbox 176 105 1036 148">
    <p class='ocr_par' dir='ltr' id='par_1_1' title="bbox 176 105 1036 148">
     <span class='ocr_line' id='line_1_1' title="bbox 176 105 1036 148; baseline 0.007 -6"><span class='ocrx_word' id='word_1_1' title='bbox 176 105 255 143; x_wconf 76' lang='lat'>394</span> <span class='ocrx_word' id='word_1_2' title='bbox 585 119 621 145; x_wconf 85' lang='lat' dir='ltr'>P.</span> <span class='ocrx_word' id='word_1_3' title='bbox 642 119 829 147; x_wconf 70' lang='lat' dir='ltr'>vine-un</span> <span class='ocrx_word' id='word_1_4' title='bbox 847 120 1036 148; x_wconf 77' lang='lat' dir='ltr'>MARONIS</span> 
     </span>
    </p>
   </div>
   <div class='ocr_carea' id='block_1_2' title="bbox 171 210 1277 1231">
    <p class='ocr_par' dir='ltr' id='par_1_2' title="bbox 171 210 1277 1016">
     <span class='ocr_line' id='line_1_2' title="bbox 176 210 1243 268; baseline 0.008 -20"><span class='ocrx_word' id='word_1_5' title='bbox 176 210 324 262; x_wconf 85' lang='lat' dir='ltr'>Perque</span> <span class='ocrx_word' id='word_1_6' title='bbox 341 211 483 260; x_wconf 87' lang='lat' dir='ltr'>hostes,</span> <span class='ocrx_word' id='word_1_7' title='bbox 501 227 569 264; x_wconf 88' lang='lat' dir='ltr'>per</span> <span class='ocrx_word' id='word_1_8' title='bbox 586 214 664 252; x_wconf 87' lang='lat' dir='ltr'>tela</span> <span class='ocrx_word' id='word_1_9' title='bbox 681 215 782 262; x_wconf 80' lang='lat' dir='ltr'>ruit3</span> <span class='ocrx_word' id='word_1_10' title='bbox 809 218 1060 268; x_wconf 88' lang='lat' dir='ltr'>maestamque</span> <span class='ocrx_word' id='word_1_11' title='bbox 1079 231 1243 257; x_wconf 88' lang='lat' dir='ltr'>sororem</span> 
     </span>
     <span class='ocr_line' id='line_1_3' title="bbox 175 264 1171 322; baseline 0.008 -20"><span class='ocrx_word' id='word_1_12' title='bbox 175 264 340 313; x_wconf 84' lang='lat' dir='ltr'>Deserit,</span> <span class='ocrx_word' id='word_1_13' title='bbox 360 279 402 304; x_wconf 86' lang='lat' dir='ltr'>ao</span> <span class='ocrx_word' id='word_1_14' title='bbox 420 267 551 317; x_wconf 90' lang='lat' dir='ltr'>rapido</span> <span class='ocrx_word' id='word_1_15' title='bbox 571 281 683 305; x_wconf 89' lang='lat' dir='ltr'>cursu</span> <span class='ocrx_word' id='word_1_16' title='bbox 701 269 825 307; x_wconf 88' lang='lat' dir='ltr'>media</span> <span class='ocrx_word' id='word_1_17' title='bbox 843 271 997 321; x_wconf 81' lang='lat' dir='ltr'>agmina</span> <span class='ocrx_word' id='word_1_18' title='bbox 1014 272 1171 322; x_wconf 90' lang='lat' dir='ltr'>rumpit.</span> 
     </span>
     <span class='ocr_line' id='line_1_4' title="bbox 173 318 1089 375; baseline 0.008 -20"><span class='ocrx_word' id='word_1_19' title='bbox 173 318 232 356; x_wconf 90' lang='lat' dir='ltr'>Ac</span> <span class='ocrx_word' id='word_1_20' title='bbox 250 319 372 357; x_wconf 85' lang='lat' dir='ltr'>veluti</span> <span class='ocrx_word' id='word_1_21' title='bbox 389 321 532 358; x_wconf 89' lang='lat' dir='ltr'>montis</span> <span class='ocrx_word' id='word_1_22' title='bbox 551 335 684 359; x_wconf 80' lang='lat' dir='ltr'>saxum</span> <span class='ocrx_word' id='word_1_23' title='bbox 703 322 749 360; x_wconf 92' lang='lat' dir='ltr'>de</span> <span class='ocrx_word' id='word_1_24' title='bbox 767 323 907 361; x_wconf 87' lang='lat' dir='ltr'>vertice</span> <span class='ocrx_word' id='word_1_25' title='bbox 926 338 1089 375; x_wconf 77' lang='lat' dir='ltr'>praeceps</span> 
     </span>
     <span class='ocr_line' id='line_1_5' title="bbox 174 371 1172 422; baseline 0.007 -13"><span class='ocrx_word' id='word_1_26' title='bbox 174 371 302 418; x_wconf 84' lang='lat' dir='ltr'>Quum</span> <span class='ocrx_word' id='word_1_27' title='bbox 320 373 410 419; x_wconf 88' lang='lat' dir='ltr'>ruit,</span> <span class='ocrx_word' id='word_1_28' title='bbox 431 374 604 412; x_wconf 89' lang='lat' dir='ltr'>avulsum</span> <span class='ocrx_word' id='word_1_29' title='bbox 622 377 750 422; x_wconf 88' lang='lat' dir='ltr'>vento,</span> <span class='ocrx_word' id='word_1_30' title='bbox 770 390 836 414; x_wconf 92' lang='lat' dir='ltr'>seu</span> <span class='ocrx_word' id='word_1_31' title='bbox 854 378 1031 415; x_wconf 87' lang='lat' dir='ltr'>turbidus</span> <span class='ocrx_word' id='word_1_32' title='bbox 1050 378 1172 417; x_wconf 87' lang='lat' dir='ltr'>imber</span> 
     </span>
     <span class='ocr_line' id='line_1_6' title="bbox 173 424 1092 480; baseline 0.008 -18"><span class='ocrx_word' id='word_1_33' title='bbox 173 424 337 473; x_wconf 89' lang='lat' dir='ltr'>Proluit,</span> <span class='ocrx_word' id='word_1_34' title='bbox 357 429 423 464; x_wconf 83' lang='lat' dir='ltr'>aut</span> <span class='ocrx_word' id='word_1_35' title='bbox 444 428 551 465; x_wconf 88' lang='lat' dir='ltr'>annis</span> <span class='ocrx_word' id='word_1_36' title='bbox 571 428 685 466; x_wconf 84' lang='lat' dir='ltr'>solvit</span> <span class='ocrx_word' id='word_1_37' title='bbox 705 429 880 480; x_wconf 86' lang='lat' dir='ltr'>sublapsa</span> <span class='ocrx_word' id='word_1_38' title='bbox 897 433 1092 478; x_wconf 83' lang='lat' dir='ltr'>vetustas3</span> 
     </span>
     <span class='ocr_line' id='line_1_7' title="bbox 173 478 1220 535; baseline 0.009 -20"><span class='ocrx_word' id='word_1_39' title='bbox 173 478 316 516; x_wconf 88' lang='lat' dir='ltr'>Fertur</span> <span class='ocrx_word' id='word_1_40' title='bbox 334 480 374 517; x_wconf 88' lang='lat' dir='ltr'>in</span> <span class='ocrx_word' id='word_1_41' title='bbox 393 481 601 531; x_wconf 87' lang='lat' dir='ltr'>abruptum</span> <span class='ocrx_word' id='word_1_42' title='bbox 619 495 758 534; x_wconf 87' lang='lat' dir='ltr'>magno</span> <span class='ocrx_word' id='word_1_43' title='bbox 777 497 887 521; x_wconf 88' lang='lat' dir='ltr'>mons</span> <span class='ocrx_word' id='word_1_44' title='bbox 906 484 1100 535; x_wconf 89' lang='lat' dir='ltr'>improbus</span> <span class='ocrx_word' id='word_1_45' title='bbox 1120 488 1220 534; x_wconf 85' lang='lat' dir='ltr'>actu,</span> 
     </span>
     <span class='ocr_line' id='line_1_8' title="bbox 172 532 1078 588; baseline 0.008 -19"><span class='ocrx_word' id='word_1_46' title='bbox 172 532 428 584; x_wconf 81' lang='lat' dir='ltr'>Exsultatque</span> <span class='ocrx_word' id='word_1_47' title='bbox 448 535 538 581; x_wconf 90' lang='lat' dir='ltr'>solo,</span> <span class='ocrx_word' id='word_1_48' title='bbox 558 535 681 581; x_wconf 87' lang='lat' dir='ltr'>silvas,</span> <span class='ocrx_word' id='word_1_49' title='bbox 701 539 884 583; x_wconf 87' lang='lat' dir='ltr'>armenta,</span> <span class='ocrx_word' id='word_1_50' title='bbox 903 538 1078 588; x_wconf 89' lang='lat' dir='ltr'>virosque</span> 
     </span>
     <span class='ocr_line' id='line_1_9' title="bbox 172 585 1158 641; baseline 0.008 -19"><span class='ocrx_word' id='word_1_51' title='bbox 172 585 378 624; x_wconf 85' lang='lat' dir='ltr'>Involvens</span> <span class='ocrx_word' id='word_1_52' title='bbox 398 601 546 626; x_wconf 88' lang='lat' dir='ltr'>secum:</span> <span class='ocrx_word' id='word_1_53' title='bbox 576 589 733 640; x_wconf 83' lang='lat' dir='ltr'>disjecta</span> <span class='ocrx_word' id='word_1_54' title='bbox 749 603 816 640; x_wconf 90' lang='lat' dir='ltr'>per</span> <span class='ocrx_word' id='word_1_55' title='bbox 835 591 988 641; x_wconf 84' lang='lat' dir='ltr'>agmina</span> <span class='ocrx_word' id='word_1_56' title='bbox 1006 592 1158 630; x_wconf 87' lang='lat' dir='ltr'>Turnus</span> 
     </span>
     <span class='ocr_line' id='line_1_10' title="bbox 172 639 1051 694; baseline 0.008 -18"><span class='ocrx_word' id='word_1_57' title='bbox 172 639 234 677; x_wconf 87' lang='lat' dir='ltr'>Sic</span> <span class='ocrx_word' id='word_1_58' title='bbox 252 640 356 677; x_wconf 84' lang='lat' dir='ltr'>urbis</span> <span class='ocrx_word' id='word_1_59' title='bbox 375 641 453 679; x_wconf 85' lang='lat' dir='ltr'>ruit</span> <span class='ocrx_word' id='word_1_60' title='bbox 473 642 521 679; x_wconf 88' lang='lat' dir='ltr'>ad</span> <span class='ocrx_word' id='word_1_61' title='bbox 539 655 680 688; x_wconf 84' lang='lat' dir='ltr'>muros,</span> <span class='ocrx_word' id='word_1_62' title='bbox 699 643 766 681; x_wconf 91' lang='lat' dir='ltr'>ubi</span> <span class='ocrx_word' id='word_1_63' title='bbox 784 643 949 694; x_wconf 88' lang='lat' dir='ltr'>plurima</span> <span class='ocrx_word' id='word_1_64' title='bbox 965 645 1051 683; x_wconf 88' lang='lat' dir='ltr'>fuso</span> 
     </span>
     <span class='ocr_line' id='line_1_11' title="bbox 172 694 1273 747; baseline 0.005 -15"><span class='ocrx_word' id='word_1_65' title='bbox 172 694 365 744; x_wconf 84' lang='lat' dir='ltr'>Sanguine</span> <span class='ocrx_word' id='word_1_66' title='bbox 383 696 486 732; x_wconf 86' lang='lat' dir='ltr'>terra</span> <span class='ocrx_word' id='word_1_67' title='bbox 503 696 643 743; x_wconf 87' lang='lat' dir='ltr'>madet,</span> <span class='ocrx_word' id='word_1_68' title='bbox 664 696 907 747; x_wconf 88' lang='lat' dir='ltr'>striduntque</span> <span class='ocrx_word' id='word_1_69' title='bbox 927 698 1128 737; x_wconf 85' lang='lat' dir='ltr'>hastilibus</span> <span class='ocrx_word' id='word_1_70' title='bbox 1149 713 1273 746; x_wconf 83' lang='lat' dir='ltr'>aurae3</span> 
     </span>
     <span class='ocr_line' id='line_1_12' title="bbox 172 746 1198 803; baseline 0.007 -19"><span class='ocrx_word' id='word_1_71' title='bbox 172 746 446 797; x_wconf 71' lang='lat' dir='ltr'>significatque</span> <span class='ocrx_word' id='word_1_72' title='bbox 464 763 591 796; x_wconf 81' lang='lat' dir='ltr'>manu,</span> <span class='ocrx_word' id='word_1_73' title='bbox 611 752 650 787; x_wconf 90' lang='lat' dir='ltr'>et</span> <span class='ocrx_word' id='word_1_74' title='bbox 669 763 808 801; x_wconf 81' lang='lat' dir='ltr'>magno</span> <span class='ocrx_word' id='word_1_75' title='bbox 828 752 943 789; x_wconf 87' lang='lat' dir='ltr'>simul</span> <span class='ocrx_word' id='word_1_76' title='bbox 960 752 1095 803; x_wconf 89' lang='lat' dir='ltr'>incipit</span> <span class='ocrx_word' id='word_1_77' title='bbox 1115 766 1198 791; x_wconf 89' lang='lat' dir='ltr'>ore:</span> 
     </span>
     <span class='ocr_line' id='line_1_13' title="bbox 172 800 1277 853; baseline 0.007 -16"><span class='ocrx_word' id='word_1_78' title='bbox 172 803 194 819; x_wconf 78' lang='lat'>‘⁶</span> <span class='ocrx_word' id='word_1_79' title='bbox 207 800 359 839; x_wconf 87' lang='lat' dir='ltr'>Parcite</span> <span class='ocrx_word' id='word_1_80' title='bbox 372 802 465 852; x_wconf 84' lang='lat' dir='ltr'>jam,</span> <span class='ocrx_word' id='word_1_81' title='bbox 486 802 648 849; x_wconf 77' lang='lat' dir='ltr'>Rutuli3</span> <span class='ocrx_word' id='word_1_82' title='bbox 677 806 716 841; x_wconf 90' lang='lat' dir='ltr'>et</span> <span class='ocrx_word' id='word_1_83' title='bbox 734 818 801 842; x_wconf 91' lang='lat' dir='ltr'>vos</span> <span class='ocrx_word' id='word_1_84' title='bbox 820 805 900 843; x_wconf 87' lang='lat' dir='ltr'>tela</span> <span class='ocrx_word' id='word_1_85' title='bbox 917 805 1100 852; x_wconf 87' lang='lat' dir='ltr'>inhibete,</span> <span class='ocrx_word' id='word_1_86' title='bbox 1120 806 1252 845; x_wconf 89' lang='lat' dir='ltr'>Latini</span> <span class='ocrx_word' id='word_1_87' title='bbox 1269 824 1277 853; x_wconf 91' lang='lat'>;</span> 
     </span>
     <span class='ocr_line' id='line_1_14' title="bbox 172 853 1267 905; baseline 0.006 -14"><span class='ocrx_word' id='word_1_88' title='bbox 172 853 429 905; x_wconf 68' lang='lat' dir='ltr'>Quaecumque</span> <span class='ocrx_word' id='word_1_89' title='bbox 449 858 508 893; x_wconf 88' lang='lat' dir='ltr'>est</span> <span class='ocrx_word' id='word_1_90' title='bbox 525 856 691 903; x_wconf 86' lang='lat' dir='ltr'>fortuna,</span> <span class='ocrx_word' id='word_1_91' title='bbox 710 871 795 895; x_wconf 89' lang='lat' dir='ltr'>mea</span> <span class='ocrx_word' id='word_1_92' title='bbox 813 861 893 905; x_wconf 84' lang='lat' dir='ltr'>est3</span> <span class='ocrx_word' id='word_1_93' title='bbox 922 873 983 897; x_wconf 88' lang='lat' dir='ltr'>me</span> <span class='ocrx_word' id='word_1_94' title='bbox 1002 860 1126 897; x_wconf 89' lang='lat' dir='ltr'>verius</span> <span class='ocrx_word' id='word_1_95' title='bbox 1146 874 1267 898; x_wconf 89' lang='lat' dir='ltr'>unum</span> 
     </span>
     <span class='ocr_line' id='line_1_15' title="bbox 171 906 1082 957; baseline 0.008 -13"><span class='ocrx_word' id='word_1_96' title='bbox 171 906 249 945; x_wconf 88' lang='lat' dir='ltr'>Pro</span> <span class='ocrx_word' id='word_1_97' title='bbox 268 909 374 946; x_wconf 92' lang='lat' dir='ltr'>vobis</span> <span class='ocrx_word' id='word_1_98' title='bbox 393 908 516 947; x_wconf 86' lang='lat' dir='ltr'>foedus</span> <span class='ocrx_word' id='word_1_99' title='bbox 535 909 649 957; x_wconf 86' lang='lat' dir='ltr'>luere,</span> <span class='ocrx_word' id='word_1_100' title='bbox 669 913 708 949; x_wconf 87' lang='lat' dir='ltr'>et</span> <span class='ocrx_word' id='word_1_101' title='bbox 728 911 925 950; x_wconf 87' lang='lat' dir='ltr'>decernere</span> <span class='ocrx_word' id='word_1_102' title='bbox 944 913 1082 951; x_wconf 87' lang='lat' dir='ltr'>ferro.&#39;’</span> 
     </span>
     <span class='ocr_line' id='line_1_16' title="bbox 172 960 1109 1016; baseline 0.007 -19"><span class='ocrx_word' id='word_1_103' title='bbox 172 960 388 1000; x_wconf 84' lang='lat' dir='ltr'>Discessere</span> <span class='ocrx_word' id='word_1_104' title='bbox 407 976 537 1001; x_wconf 88' lang='lat' dir='ltr'>omnes</span> <span class='ocrx_word' id='word_1_105' title='bbox 557 964 683 1009; x_wconf 85' lang='lat' dir='ltr'>medii,</span> <span class='ocrx_word' id='word_1_106' title='bbox 703 965 943 1016; x_wconf 87' lang='lat' dir='ltr'>spatiumque</span> <span class='ocrx_word' id='word_1_107' title='bbox 963 967 1109 1004; x_wconf 83' lang='lat' dir='ltr'>dedere.</span> 
     </span>
    </p>

    <p class='ocr_par' dir='ltr' id='par_1_3' title="bbox 172 1015 1242 1231">
     <span class='ocr_line' id='line_1_17' title="bbox 225 1015 1056 1067; baseline 0.006 -15"><span class='ocrx_word' id='word_1_108' title='bbox 225 1015 282 1052; x_wconf 89' lang='lat' dir='ltr'>At</span> <span class='ocrx_word' id='word_1_109' title='bbox 301 1018 409 1066; x_wconf 86' lang='lat' dir='ltr'>pater</span> <span class='ocrx_word' id='word_1_110' title='bbox 428 1017 580 1064; x_wconf 84' lang='lat' dir='ltr'>AEneas,</span> <span class='ocrx_word' id='word_1_111' title='bbox 601 1018 732 1056; x_wconf 88' lang='lat' dir='ltr'>audito</span> <span class='ocrx_word' id='word_1_112' title='bbox 750 1020 904 1057; x_wconf 91' lang='lat' dir='ltr'>nomine</span> <span class='ocrx_word' id='word_1_113' title='bbox 924 1020 1056 1067; x_wconf 88' lang='lat' dir='ltr'>Turni,</span> 
     </span>
     <span class='ocr_line' id='line_1_18' title="bbox 173 1067 1089 1120; baseline 0.008 -15"><span class='ocrx_word' id='word_1_114' title='bbox 173 1067 326 1107; x_wconf 88' lang='lat' dir='ltr'>Deserit</span> <span class='ocrx_word' id='word_1_115' title='bbox 345 1072 384 1107; x_wconf 93' lang='lat' dir='ltr'>et</span> <span class='ocrx_word' id='word_1_116' title='bbox 402 1084 543 1118; x_wconf 87' lang='lat' dir='ltr'>muros,</span> <span class='ocrx_word' id='word_1_117' title='bbox 563 1073 602 1109; x_wconf 91' lang='lat' dir='ltr'>et</span> <span class='ocrx_word' id='word_1_118' title='bbox 621 1085 787 1110; x_wconf 90' lang='lat' dir='ltr'>summas</span> <span class='ocrx_word' id='word_1_119' title='bbox 807 1073 945 1111; x_wconf 87' lang='lat' dir='ltr'>deserit</span> <span class='ocrx_word' id='word_1_120' title='bbox 965 1087 1089 1120; x_wconf 88' lang='lat' dir='ltr'>arces;</span> 
     </span>
     <span class='ocr_line' id='line_1_19' title="bbox 172 1121 1242 1178; baseline 0.006 -20"><span class='ocrx_word' id='word_1_121' title='bbox 172 1121 468 1174; x_wconf 84' lang='lat' dir='ltr'>Praecipitatque</span> <span class='ocrx_word' id='word_1_122' title='bbox 486 1139 611 1163; x_wconf 85' lang='lat' dir='ltr'>moras</span> <span class='ocrx_word' id='word_1_123' title='bbox 630 1139 782 1173; x_wconf 88' lang='lat' dir='ltr'>omnes;</span> <span class='ocrx_word' id='word_1_124' title='bbox 810 1140 923 1177; x_wconf 89' lang='lat' dir='ltr'>opera</span> <span class='ocrx_word' id='word_1_125' title='bbox 942 1127 1069 1165; x_wconf 84' lang='lat' dir='ltr'>omnia</span> <span class='ocrx_word' id='word_1_126' title='bbox 1087 1127 1242 1178; x_wconf 88' lang='lat' dir='ltr'>rumpit,</span> 
     </span>
     <span class='ocr_line' id='line_1_20' title="bbox 172 1174 1206 1231; baseline 0.007 -19"><span class='ocrx_word' id='word_1_127' title='bbox 172 1174 331 1214; x_wconf 89' lang='lat' dir='ltr'>Laetitia</span> <span class='ocrx_word' id='word_1_128' title='bbox 349 1178 553 1225; x_wconf 79' lang='lat' dir='ltr'>exsultans,</span> <span class='ocrx_word' id='word_1_129' title='bbox 572 1179 879 1231; x_wconf 85' lang='lat' dir='ltr'>horrendumque</span> <span class='ocrx_word' id='word_1_130' title='bbox 896 1181 1051 1219; x_wconf 83' lang='lat' dir='ltr'>intonat</span> <span class='ocrx_word' id='word_1_131' title='bbox 1071 1181 1206 1219; x_wconf 84' lang='lat' dir='ltr'>armis:</span> 
     </span>
    </p>
   </div>
   <div class='ocr_carea' id='block_1_3' title="bbox 109 1296 1511 1964">
    <p class='ocr_par' dir='ltr' id='par_1_4' title="bbox 109 1296 1511 1964">
     <span class='ocr_line' id='line_1_21' title="bbox 109 1296 1511 1964; baseline 0 811"><span class='ocrx_word' id='word_1_132' title='bbox 109 1296 1511 1964; x_wconf 95' lang='lat' dir='ltr'> </span> 
     </span>
    </p>
   </div>
   <div class='ocr_carea' id='block_1_4' title="bbox 166 2035 1284 2677">
    <p class='ocr_par' dir='ltr' id='par_1_5' title="bbox 168 2035 1284 2196">
     <span class='ocr_line' id='line_1_22' title="bbox 169 2035 1284 2089; baseline 0.005 -17"><span class='ocrx_word' id='word_1_133' title='bbox 169 2035 345 2082; x_wconf 80' lang='lat' dir='ltr'>Quantus</span> <span class='ocrx_word' id='word_1_134' title='bbox 364 2037 503 2082; x_wconf 85' lang='lat' dir='ltr'>Athos,</span> <span class='ocrx_word' id='word_1_135' title='bbox 523 2039 591 2074; x_wconf 88' lang='lat' dir='ltr'>aut</span> <span class='ocrx_word' id='word_1_136' title='bbox 611 2040 777 2087; x_wconf 86' lang='lat' dir='ltr'>quantus</span> <span class='ocrx_word' id='word_1_137' title='bbox 797 2038 916 2089; x_wconf 75' lang='lat' dir='ltr'>Eryx,</span> <span class='ocrx_word' id='word_1_138' title='bbox 936 2041 1004 2075; x_wconf 87' lang='lat' dir='ltr'>aut</span> <span class='ocrx_word' id='word_1_139' title='bbox 1021 2038 1101 2089; x_wconf 91' lang='lat' dir='ltr'>ipse</span> <span class='ocrx_word' id='word_1_140' title='bbox 1121 2041 1284 2078; x_wconf 80' lang='lat' dir='ltr'>coruscis</span> 
     </span>
     <span class='ocr_line' id='line_1_23' title="bbox 169 2089 1181 2142; baseline 0.004 -16"><span class='ocrx_word' id='word_1_141' title='bbox 169 2089 297 2135; x_wconf 79' lang='lat' dir='ltr'>Quum</span> <span class='ocrx_word' id='word_1_142' title='bbox 315 2090 444 2127; x_wconf 83' lang='lat' dir='ltr'>fremit</span> <span class='ocrx_word' id='word_1_143' title='bbox 463 2090 612 2127; x_wconf 87' lang='lat' dir='ltr'>ilicibus</span> <span class='ocrx_word' id='word_1_144' title='bbox 631 2093 809 2140; x_wconf 89' lang='lat' dir='ltr'>quantus,</span> <span class='ocrx_word' id='word_1_145' title='bbox 829 2091 1046 2142; x_wconf 86' lang='lat' dir='ltr'>gaudetque</span> <span class='ocrx_word' id='word_1_146' title='bbox 1064 2092 1181 2131; x_wconf 87' lang='lat' dir='ltr'>nivali</span> 
     </span>
     <span class='ocr_line' id='line_1_24' title="bbox 168 2142 1192 2196; baseline 0.005 -17"><span class='ocrx_word' id='word_1_147' title='bbox 168 2142 332 2189; x_wconf 86' lang='lat' dir='ltr'>Vertice,</span> <span class='ocrx_word' id='word_1_148' title='bbox 353 2157 391 2181; x_wconf 90' lang='lat' dir='ltr'>se</span> <span class='ocrx_word' id='word_1_149' title='bbox 410 2143 590 2181; x_wconf 88' lang='lat' dir='ltr'>attollens</span> <span class='ocrx_word' id='word_1_150' title='bbox 608 2146 718 2194; x_wconf 86' lang='lat' dir='ltr'>pater</span> <span class='ocrx_word' id='word_1_151' title='bbox 735 2145 985 2196; x_wconf 88' lang='lat' dir='ltr'>Appenninus</span> <span class='ocrx_word' id='word_1_152' title='bbox 1004 2145 1052 2183; x_wconf 87' lang='lat' dir='ltr'>ad</span> <span class='ocrx_word' id='word_1_153' title='bbox 1071 2159 1192 2185; x_wconf 85' lang='lat' dir='ltr'>auras.</span> 
     </span>
    </p>

    <p class='ocr_par' dir='ltr' id='par_1_6' title="bbox 166 2196 1274 2462">
     <span class='ocr_line' id='line_1_25' title="bbox 171 2196 1213 2246; baseline 0.006 -13"><span class='ocrx_word' id='word_1_154' title='bbox 171 2196 199 2233; x_wconf 84' lang='lat' dir='ltr'><strong>J</strong></span> <span class='ocrx_word' id='word_1_155' title='bbox 201 2209 263 2233; x_wconf 88' lang='lat' dir='ltr'>am</span> <span class='ocrx_word' id='word_1_156' title='bbox 281 2210 370 2234; x_wconf 85' lang='lat' dir='ltr'>vero</span> <span class='ocrx_word' id='word_1_157' title='bbox 390 2199 429 2234; x_wconf 88' lang='lat' dir='ltr'>et</span> <span class='ocrx_word' id='word_1_158' title='bbox 450 2197 589 2234; x_wconf 85' lang='lat' dir='ltr'>Rutuli</span> <span class='ocrx_word' id='word_1_159' title='bbox 607 2198 795 2245; x_wconf 84' lang='lat' dir='ltr'>certatim,</span> <span class='ocrx_word' id='word_1_160' title='bbox 815 2201 853 2236; x_wconf 93' lang='lat' dir='ltr'>et</span> <span class='ocrx_word' id='word_1_161' title='bbox 874 2199 1005 2246; x_wconf 62' lang='lat' dir='ltr'>Troes,</span> <span class='ocrx_word' id='word_1_162' title='bbox 1025 2202 1064 2237; x_wconf 90' lang='lat' dir='ltr'>et</span> <span class='ocrx_word' id='word_1_163' title='bbox 1084 2213 1213 2239; x_wconf 91' lang='lat' dir='ltr'>omnes</span> 
     </span>
     <span class='ocr_line' id='line_1_26' title="bbox 171 2249 1127 2302; baseline 0.003 -15"><span class='ocrx_word' id='word_1_164' title='bbox 171 2249 400 2288; x_wconf 87' lang='lat' dir='ltr'>Convertere</span> <span class='ocrx_word' id='word_1_165' title='bbox 419 2251 546 2288; x_wconf 84' lang='lat' dir='ltr'>oculos</span> <span class='ocrx_word' id='word_1_166' title='bbox 567 2251 669 2297; x_wconf 83' lang='lat' dir='ltr'>Itali,</span> <span class='ocrx_word' id='word_1_167' title='bbox 689 2251 829 2302; x_wconf 90' lang='lat' dir='ltr'>quique</span> <span class='ocrx_word' id='word_1_168' title='bbox 848 2252 926 2289; x_wconf 82' lang='lat' dir='ltr'>alta</span> <span class='ocrx_word' id='word_1_169' title='bbox 943 2253 1127 2291; x_wconf 88' lang='lat' dir='ltr'>tenebant</span> 
     </span>
     <span class='ocr_line' id='line_1_27' title="bbox 168 2303 1126 2355; baseline 0.004 -15"><span class='ocrx_word' id='word_1_170' title='bbox 168 2303 326 2350; x_wconf 85' lang='lat' dir='ltr'>Moenia,</span> <span class='ocrx_word' id='word_1_171' title='bbox 347 2304 485 2354; x_wconf 89' lang='lat' dir='ltr'>quique</span> <span class='ocrx_word' id='word_1_172' title='bbox 504 2303 601 2341; x_wconf 90' lang='lat' dir='ltr'>imos</span> <span class='ocrx_word' id='word_1_173' title='bbox 619 2305 822 2355; x_wconf 84' lang='lat' dir='ltr'>pulsabant</span> <span class='ocrx_word' id='word_1_174' title='bbox 842 2305 957 2343; x_wconf 84' lang='lat' dir='ltr'>ariete</span> <span class='ocrx_word' id='word_1_175' title='bbox 975 2319 1126 2353; x_wconf 80' lang='lat' dir='ltr'>muros3</span> 
     </span>
     <span class='ocr_line' id='line_1_28' title="bbox 166 2357 1274 2410; baseline 0.004 -16"><span class='ocrx_word' id='word_1_176' title='bbox 166 2357 359 2407; x_wconf 84' lang='lat' dir='ltr'>Armaque</span> <span class='ocrx_word' id='word_1_177' title='bbox 378 2358 583 2408; x_wconf 84' lang='lat' dir='ltr'>deposuere</span> <span class='ocrx_word' id='word_1_178' title='bbox 603 2358 783 2396; x_wconf 90' lang='lat' dir='ltr'>humeris.</span> <span class='ocrx_word' id='word_1_179' title='bbox 840 2359 980 2409; x_wconf 85' lang='lat' dir='ltr'>Stupet</span> <span class='ocrx_word' id='word_1_180' title='bbox 999 2359 1080 2410; x_wconf 90' lang='lat' dir='ltr'>ipse</span> <span class='ocrx_word' id='word_1_181' title='bbox 1099 2360 1274 2408; x_wconf 87' lang='lat' dir='ltr'>Latinus,</span> 
     </span>
     <span class='ocr_line' id='line_1_29' title="bbox 167 2410 1038 2462; baseline 0.005 -15"><span class='ocrx_word' id='word_1_182' title='bbox 167 2410 364 2461; x_wconf 83' lang='lat' dir='ltr'>IngenteS,</span> <span class='ocrx_word' id='word_1_183' title='bbox 383 2411 534 2461; x_wconf 87' lang='lat' dir='ltr'>genitos</span> <span class='ocrx_word' id='word_1_184' title='bbox 557 2411 713 2449; x_wconf 87' lang='lat' dir='ltr'>diversis</span> <span class='ocrx_word' id='word_1_185' title='bbox 733 2412 906 2462; x_wconf 84' lang='lat' dir='ltr'>partibus</span> <span class='ocrx_word' id='word_1_186' title='bbox 925 2413 1038 2461; x_wconf 88' lang='lat' dir='ltr'>orbis,</span> 
     </span>
    </p>

    <p class='ocr_par' dir='ltr' id='par_1_7' title="bbox 167 2463 977 2511">
     <span class='ocr_line' id='line_1_30' title="bbox 167 2463 977 2511; baseline 0.002 -10"><span class='ocrx_word' id='word_1_187' title='bbox 167 2463 279 2501; x_wconf 87' lang='lat' dir='ltr'>Inter</span> <span class='ocrx_word' id='word_1_188' title='bbox 297 2477 336 2502; x_wconf 88' lang='lat' dir='ltr'>se</span> <span class='ocrx_word' id='word_1_189' title='bbox 356 2465 489 2502; x_wconf 90' lang='lat' dir='ltr'>coiisse</span> <span class='ocrx_word' id='word_1_190' title='bbox 508 2465 620 2511; x_wconf 86' lang='lat' dir='ltr'>viros,</span> <span class='ocrx_word' id='word_1_191' title='bbox 640 2467 679 2503; x_wconf 89' lang='lat' dir='ltr'>et</span> <span class='ocrx_word' id='word_1_192' title='bbox 699 2479 848 2503; x_wconf 89' lang='lat' dir='ltr'>cernere</span> <span class='ocrx_word' id='word_1_193' title='bbox 866 2466 977 2503; x_wconf 87' lang='lat' dir='ltr'>ferro.</span> 
     </span>
    </p>

    <p class='ocr_par' dir='ltr' id='par_1_8' title="bbox 167 2517 1134 2623">
     <span class='ocr_line' id='line_1_31' title="bbox 167 2517 1134 2571; baseline 0.003 -17"><span class='ocrx_word' id='word_1_194' title='bbox 167 2518 298 2567; x_wconf 91' lang='lat' dir='ltr'>Atque</span> <span class='ocrx_word' id='word_1_195' title='bbox 316 2517 383 2565; x_wconf 84' lang='lat' dir='ltr'>illi,</span> <span class='ocrx_word' id='word_1_196' title='bbox 404 2520 449 2555; x_wconf 90' lang='lat' dir='ltr'>ut</span> <span class='ocrx_word' id='word_1_197' title='bbox 468 2531 586 2556; x_wconf 86' lang='lat' dir='ltr'>vacuo</span> <span class='ocrx_word' id='word_1_198' title='bbox 605 2521 813 2569; x_wconf 85' lang='lat' dir='ltr'>patuerunt</span> <span class='ocrx_word' id='word_1_199' title='bbox 832 2532 981 2569; x_wconf 85' lang='lat' dir='ltr'>aequore</span> <span class='ocrx_word' id='word_1_200' title='bbox 999 2520 1134 2571; x_wconf 89' lang='lat' dir='ltr'>campi,</span> 
     </span>
     <span class='ocr_line' id='line_1_32' title="bbox 167 2570 1040 2623; baseline 0.002 -15"><span class='ocrx_word' id='word_1_201' title='bbox 167 2570 360 2608; x_wconf 89' lang='lat' dir='ltr'>Procursu</span> <span class='ocrx_word' id='word_1_202' title='bbox 378 2571 520 2621; x_wconf 86' lang='lat' dir='ltr'>rapido,</span> <span class='ocrx_word' id='word_1_203' title='bbox 541 2572 721 2623; x_wconf 88' lang='lat' dir='ltr'>conjectis</span> <span class='ocrx_word' id='word_1_204' title='bbox 741 2573 887 2610; x_wconf 91' lang='lat' dir='ltr'>eminus</span> <span class='ocrx_word' id='word_1_205' title='bbox 906 2573 1040 2619; x_wconf 87' lang='lat' dir='ltr'>hastis,</span> 
     </span>
    </p>

    <p class='ocr_par' dir='ltr' id='par_1_9' title="bbox 169 2623 1090 2677">
     <span class='ocr_line' id='line_1_33' title="bbox 169 2623 1090 2677; baseline 0.003 -16"><span class='ocrx_word' id='word_1_206' title='bbox 169 2623 366 2662; x_wconf 76' lang='lat' dir='ltr'>Invadunt</span> <span class='ocrx_word' id='word_1_207' title='bbox 385 2625 555 2663; x_wconf 88' lang='lat' dir='ltr'>Martem</span> <span class='ocrx_word' id='word_1_208' title='bbox 574 2626 701 2677; x_wconf 90' lang='lat' dir='ltr'>clipeis</span> <span class='ocrx_word' id='word_1_209' title='bbox 720 2628 834 2676; x_wconf 85' lang='lat' dir='ltr'>atque</span> <span class='ocrx_word' id='word_1_210' title='bbox 852 2639 925 2664; x_wconf 88' lang='lat' dir='ltr'>aere</span> <span class='ocrx_word' id='word_1_211' title='bbox 944 2640 1090 2665; x_wconf 90' lang='lat' dir='ltr'>sonoro.</span> 
     </span>
    </p>
   </div>
   <div class='ocr_carea' id='block_1_5' title="bbox 1630 0 1674 2507">
    <p class='ocr_par' dir='ltr' id='par_1_10' title="bbox 1630 0 1674 2507">
     <span class='ocr_line' id='line_1_34' title="bbox 1630 0 1674 2507; baseline 0 0"><span class='ocrx_word' id='word_1_212' title='bbox 1630 0 1674 2507; x_wconf 95' lang='lat' dir='ltr'> </span> 
     </span>
    </p>
   </div>
  </div>
 </body>
</html>
