1705 2744
658 102 899 130 GEORGICON
917 102 1001 129 LIB.
1022 102 1052 129 Ι.

266 200 365 238 Vere
383 213 494 246 novo,
513 198 661 250 gelidus
681 198 783 236 canis
803 212 921 247 quum
942 197 1139 235 montibus
1157 197 1299 236 humor

214 254 405 304 Liquitur‚
426 256 465 291 et
484 253 650 303 zephyro
669 252 795 302 putris
815 265 853 289 se
872 252 985 302 gleba
1003 251 1173 298 resolvit,

214 308 403 358 Depresso
422 307 580 357 incipiat
593 306 674 356 jam
694 308 781 343 tum
800 305 894 342 mihi
914 309 1048 342 taurus
1068 308 1194 343 aratro

213 361 426 411 Ingemere,
447 362 486 398 et
506 360 609 397 sulco
629 359 788 396 attritus
808 359 1064 409 splendescere
1082 372 1224 397 vomer.

215 414 289 451 Illa
308 427 415 465 seges
435 414 589 451 demum
607 413 709 450 votis
729 413 925 462 respondit
945 412 1048 450 avari

215 468 420 518 Agricolae,
440 467 498 505 bis
518 480 603 517 quae
624 466 752 513 solem,
772 466 831 504 bis
850 466 992 517 frigora
1011 465 1152 512 sensit3

216 521 327 559 Illius
346 522 542 558 immensae
560 523 747 570 ruperunt
766 520 901 557 horrea
918 533 1069 557 messes.

271 575 328 612 At
347 575 451 625 prius
470 575 649 625 ignotum
667 574 766 611 ferro
786 587 899 623 quam
919 573 1125 611 scindimus
1144 585 1283 622 aequor,

215 629 363 667 Ventos
382 631 421 666 et
440 629 588 666 varium
608 627 695 665 coeli
713 627 934 677 praediscere
954 640 1099 665 morem

217 682 318 720 Cura
337 682 400 728 sit,
419 695 461 719 ac
481 682 624 732 patrios
644 681 843 730 cultusque
862 681 1091 731 habitusque
1110 679 1291 725 locorum,

216 736 273 774 Et
293 735 385 785 quid
404 749 561 785 quaeque
580 735 678 772 ferat
697 734 812 784 regio,
833 737 872 771 et
892 735 982 783 quid
1002 747 1160 784 quaeque
1178 735 1338 771 recuset.

217 789 297 827 Hic
317 793 476 839 segetes,
496 789 572 826 illic
591 788 751 825 veniunt
770 788 914 825 felicius
932 801 1037 834 uvae3

217 843 380 880 Arborei
398 842 499 879 fetus
520 842 608 880 alibi
627 844 741 890 atque
760 841 903 891 injussa
920 842 1113 879 virescunt

217 896 412 934 Gramina.
470 895 611 933 Nonne
630 895 745 941 vides,
766 908 915 932 croceos
935 898 980 932 ut
1000 895 1158 932 Tmolus
1178 894 1322 939 odores,

217 949 331 986 India
349 949 475 986 mittit
494 949 598 994 ebur,
617 948 749 985 molles
769 961 837 985 sua
854 948 971 985 thura
991 948 1134 994 Sabaei;

216 1004 274 1040 At
294 1002 483 1053 Chalybes
503 1002 596 1039 nudi
614 1002 768 1047 ferrum,
788 1002 986 1052 virosaque
1008 1002 1157 1039 Pontus

216 1056 408 1101 Castorea,
429 1055 609 1092 Eliadum
627 1055 772 1105 palmas
792 1056 930 1105 Epiros
949 1055 1165 1106 equarum?

216 1109 411 1147 Continuo
431 1109 499 1146 has
518 1109 621 1159 leges
640 1112 858 1159 aeternaque
877 1109 1018 1146 foedera
1037 1109 1150 1146 certis

217 1163 410 1213 Imposuit
429 1166 567 1200 natura
584 1163 688 1208 locis,
709 1176 783 1212 quo
802 1166 974 1213 tempore
993 1163 1161 1213 primum

216 1216 426 1254 Deucalion
447 1230 611 1254 vacuum
630 1216 773 1266 lapides
787 1216 952 1267 jactavit
972 1217 1011 1253 in
1034 1217 1177 1262 orbem,

215 1270 331 1307 Unde
351 1269 523 1308 homines
542 1270 636 1315 nati,
656 1270 795 1307 durum
813 1284 947 1320 genus.
1004 1270 1110 1320 Ergo
1131 1282 1212 1320 age,
1231 1271 1343 1307 terrae

215 1323 367 1374 Pingue
386 1323 509 1361 solum
527 1323 660 1374 primis
679 1323 871 1374 extemplo
891 1337 913 1361 a
931 1324 1123 1361 mensibus
1143 1323 1234 1361 anni

217 1377 356 1415 Fortes
375 1377 570 1415 invertant
589 1377 703 1424 tauri,
722 1377 927 1428 glebasque
941 1378 1113 1428 jacentes

219 1430 499 1469 Purverulenta
517 1433 656 1481 coquat
674 1431 836 1469 maturis
852 1431 994 1469 solibus
1014 1435 1147 1469 aestas:

219 1485 276 1521 At
295 1484 327 1522 si
345 1498 422 1522 non
440 1485 555 1522 fuerit
573 1484 689 1522 tellus
707 1485 879 1531 fecunda,
900 1485 970 1522 sub
988 1485 1116 1535 ipsum

219 1538 429 1575 Arcturum
449 1538 555 1576 tenui
577 1541 636 1575 sat
655 1538 729 1576 erit
748 1539 975 1588 suspendere
995 1539 1122 1585 sul003

221 1590 320 1638 Illic,
340 1591 507 1629 officiant
525 1592 622 1629 laetis
641 1605 689 1629 ne
707 1592 881 1642 frugibus
900 1592 1041 1637 herbae,

221 1644 315 1690 Hic,
334 1645 502 1682 sterilem
521 1645 681 1695 exiguus
699 1659 747 1682 ne
767 1646 915 1683 deserat
935 1645 1073 1682 humor
1092 1658 1257 1683 arenam.

274 1697 446 1735 Alternis
465 1698 565 1736 idem
584 1703 715 1736 tonsas
735 1712 878 1736 cessare
897 1699 1050 1736 novales

220 1751 278 1788 Et
298 1764 453 1802 segnem
471 1752 614 1802 patiere
633 1753 712 1790 situ
730 1752 925 1790 durescere
945 1766 1145 1802 campum3

220 1805 305 1841 Aut
324 1805 378 1842 ibi
395 1805 493 1842 flava
512 1819 610 1843 seres
629 1808 781 1843 mutato
800 1806 920 1843 sidere
939 1806 1049 1852 farra,

222 1858 337 1895 Unde
356 1858 460 1909 prius
478 1859 614 1896 laetum
634 1859 771 1908 siliqua
790 1862 992 1908 quassante
1011 1859 1202 1910 legumen,

221 1913 307 1948 Aut
325 1914 460 1950 tenues
479 1912 579 1949 fetus
598 1912 707 1950 viciae
725 1913 923 1963 tristisque
942 1913 1063 1963 lupini

222 1965 430 2003 Sustuleris
450 1966 601 2016 fragiles
621 1967 783 2004 calamos
803 1967 1010 2016 silvamque
1030 1968 1241 2004 sonantem.

221 2019 315 2056 Urit
333 2019 436 2056 enim
455 2019 524 2056 l‘mi
544 2033 721 2069 campum
740 2033 858 2070 seges,
877 2020 956 2057 urit
976 2034 1125 2067 avenae3

222 2072 355 2110 Urunt
375 2073 538 2111 Lethaeo
556 2074 707 2124 perfusa
723 2087 910 2124 papavera
927 2087 1073 2111 somno.

224 2126 300 2164 Sed
316 2129 447 2164 tamen
466 2127 622 2164 alternis
641 2127 760 2165 facilis
778 2127 895 2174 labor,
915 2127 1020 2165 arida
1036 2130 1194 2165 tantum

223 2180 286 2217 Ne
305 2183 474 2218 saturare
494 2181 584 2218 fimo
604 2181 738 2232 pingui
757 2181 899 2231 pudeat
919 2181 1008 2227 sola,
1028 2195 1123 2219 neve

222 2234 372 2272 Effetos
391 2234 553 2272 cinerem
572 2234 815 2272 immundum
828 2235 974 2286 jactare
993 2248 1060 2285 per
1079 2248 1201 2286 agros.

221 2287 284 2325 Sic
304 2301 452 2338 quoque
470 2289 631 2326 mutatis
651 2289 893 2338 requiescunt
912 2289 1052 2326 fetibus
1071 2302 1182 2335 arva3

223 2340 307 2378 Nec
325 2342 432 2379 nulla
449 2341 595 2379 interea
613 2344 672 2380 est
690 2343 851 2380 inaratae
871 2343 997 2393 gratia
1015 2347 1138 2380 terrae.

223 2393 332 2444 Saepe
351 2395 468 2433 etiam
487 2396 633 2433 steriles
651 2396 850 2434 incendere
869 2397 1014 2446 profuit
1035 2410 1157 2447 agros,

224 2447 354 2498 Atque
372 2449 496 2487 levem
515 2449 697 2500 stipulam
716 2450 993 2500 crepitantibus
1012 2464 1120 2488 urere
1139 2449 1326 2487 flammis:

225 2500 313 2539 Sive
331 2501 419 2539 inde
438 2503 606 2540 occultas
624 2503 723 2540 vires
743 2506 783 2541 et
802 2503 942 2552 pabula
960 2506 1076 2541 terrae

226 2553 391 2605 Pinguia
410 2556 654 2606 concipiunt3
683 2556 761 2594 sive
779 2557 854 2594 illis
874 2570 986 2594 omne
1005 2571 1072 2607 per
1089 2557 1221 2608 ignem

226 2607 467 2659 Excoquitur
484 2610 637 2658 vitium,
656 2612 771 2660 atque
791 2611 933 2648 exudat
951 2611 1100 2649 inutilis
1119 2611 1280 2657 hurum-3

852 2675 880 2701 D

1442 93 1494 130 33
