1705 2744
571 94 810 123 GEORGICON
830 93 912 120 LIB.
933 92 990 118 IV.

147 194 403 243 Saxosumque
423 205 558 230 sonans
578 190 767 241 Hypanis,
788 189 999 239 Mysusque
1020 187 1168 234 Caicus,

147 248 203 285 Et
222 247 373 297 gemina
391 249 545 283 auratus
564 245 715 282 taurino
735 256 874 280 cornua
892 242 1004 278 vultu

146 300 348 346 Eridanus,
369 313 442 349 quo
460 313 537 337 non
556 298 651 336 alius
669 311 735 347 per
752 296 908 347 pinguia
926 295 984 333 cul
992 298 1029 332 ta

148 354 198 391 In
216 367 318 391 mare
336 366 567 404 purpureum
584 351 785 389 violentior
803 349 922 387 effluit
942 348 1074 386 amnis.

148 407 359 456 Postquam
379 409 436 444 est
454 407 494 443 in
512 405 672 443 thalami
691 403 895 455 pendentia
913 402 1060 453 pumice
1079 404 1182 440 tecta

150 461 396 506 Perventum,
416 462 455 497 et
474 460 555 497 nati
574 459 686 496 fletus
706 457 887 508 cognovit
906 457 1034 493 inanes

150 514 307 564 Cyrene,
328 514 501 551 manibus
519 513 681 563 liquidos
701 512 795 549 dant
814 511 943 548 ordine
963 510 1088 547 fontes

151 567 360 613 Germanae,
381 567 576 616 tonsisque
595 567 723 604 serunt
741 564 923 602 mantelia
940 563 1039 600 villis
1057 579 1064 609 3

150 620 244 658 Pars
264 621 383 671 epuJis
402 623 561 658 onerant
580 633 739 665 mensas,
759 621 797 656 et
816 618 927 668 plena
944 618 1133 666 reponunt

152 674 319 721 Pocula3
340 674 536 712 Panchaeis
556 673 777 711 adolescunt
795 671 948 722 ignibus
968 684 1062 716 arae;

151 728 207 765 Et
226 730 436 773 mater,—“
451 727 551 778 Cape
571 726 728 764 Maeonii
747 725 936 763 carchesia
956 723 1119 761 Bacchi:

151 781 302 819 Oceano
320 781 641 827 libemus,’'—ait.
698 779 819 816 Simu]
836 778 918 828 ipsa
936 780 1111 828 precatur

149 834 418 885 Oceanumque
436 837 584 885 patrem
602 847 739 879 rerum,
759 832 1036 883 Nymphasque
1051 843 1205 876 sorores,

153 888 319 926 Centum
339 902 419 938 quae
439 888 562 933 silvas,
583 890 737 925 centum
759 899 841 935 quae
860 885 1018 922 flumina
1036 887 1200 922 servant.

152 942 227 979 Ter
245 942 387 991 liquido
407 941 601 979 ardentem
621 940 787 990 perfudit
805 942 957 976 nectare
976 939 1134 975 Vestam
1151 954 1159 983 ;

152 995 227 1033 Ter
245 995 398 1032 flamma
415 995 463 1032 ad
481 1008 674 1031 summum
692 993 787 1031 tecti
806 993 976 1043 subjecta
993 992 1131 1030 reluxit
1146 1008 1153 1028 :

155 1048 291 1086 Omine
311 1062 384 1098 quo
404 1049 557 1085 firmans
577 1048 758 1092 animum,
779 1046 830 1084 sic
849 1047 983 1096 incipit
1002 1046 1103 1096 ipsa:

207 1105 227 1121 “
241 1102 315 1139 Est
334 1102 374 1139 in
394 1101 599 1152 Carpathio
619 1100 794 1151 Neptuni
812 1100 966 1150 gurgite
985 1103 1103 1144 vates,

154 1154 343 1193 Caeruleus
364 1155 537 1202 Proteus,
558 1168 741 1205 magnum
761 1154 826 1203 qui
845 1153 1011 1203 piscibus
1031 1166 1158 1202 aequor

153 1209 210 1247 Et
223 1209 359 1260 juncto
378 1209 557 1259 bipedum
576 1222 689 1246 curru
707 1207 867 1245 metitur
886 1219 1080 1256 equorum.

155 1262 234 1300 Hic
252 1276 353 1300 nunc
372 1262 565 1300 Emathiae
584 1266 717 1312 portus
736 1261 975 1312 patriamque
993 1259 1125 1297 revisit

155 1316 356 1354 Pallenen:
385 1316 488 1354 hunc
507 1318 546 1353 et
565 1316 605 1353 N
607 1316 759 1366 ymphae
778 1327 1012 1359 veneramur,
1032 1316 1071 1351 et
1091 1313 1170 1363 ipse

157 1369 390 1407 Grandaevus
410 1370 580 1415 Nereus3
608 1369 717 1407 novit
736 1381 899 1418 namque
919 1367 1047 1405 omnia
1064 1370 1183 1412 vates,

157 1423 250 1470 Quae
268 1423 358 1470 sint,
378 1437 459 1474 quae
478 1423 631 1469 fuerint,
652 1436 734 1473 quae
753 1436 842 1460 mox
860 1426 1023 1459 ventura
1040 1421 1256 1458 trahantur.

158 1476 306 1527 Quippe
323 1477 380 1514 ita
397 1477 581 1527 Neptuno
601 1477 726 1513 visum
745 1478 826 1522 est,
855 1474 1037 1512 immania
1055 1474 1161 1524 cujus

158 1530 347 1568 Armenta
364 1532 403 1568 et
421 1533 551 1580 turpes
570 1529 692 1580 pascit
711 1530 781 1567 sub
800 1529 953 1580 gurgite
971 1528 1123 1578 phocas.

159 1582 238 1620 Hic
255 1583 340 1630 tibi,
358 1586 459 1627 nate,
480 1584 584 1634 prius
603 1583 736 1621 vinclis
755 1582 968 1633 capiendus,
987 1584 1032 1618 ut
1051 1593 1204 1618 omnem

160 1636 352 1686 Expedi-at
370 1637 493 1674 morbi
511 1651 673 1682 causam,
692 1639 924 1685 eventusque
943 1634 1123 1672 secundet
1140 1650 1147 1670 :

159 1689 265 1726 Nam
283 1689 363 1727 sine
381 1690 420 1727 vi
437 1704 514 1728 non
532 1691 610 1728 ulla
628 1690 733 1728 dabit
751 1692 954 1740 praecept-a,
972 1701 1092 1737 neque
1110 1687 1219 1724 ilium

160 1742 313 1780 Orando
331 1743 458 1781 flectes
475 1760 483 1789 3
501 1744 580 1781 vim
599 1744 732 1781 duram
750 1746 789 1780 et
807 1742 958 1779 vincula
975 1744 1086 1791 capto

160 1796 313 1842 Tende3
343 1796 419 1834 doli
438 1797 580 1835 circum
598 1797 678 1834 haec
699 1797 852 1834 demum
870 1796 1095 1845 frangentur
1112 1794 1255 1831 inanes.

162 1849 255 1900 Ipsa
273 1863 343 1900 ego
362 1852 413 1897 te,
432 1851 575 1888 medios
595 1863 712 1900 quum
732 1850 787 1887 sol
806 1848 1018 1887 accenderit
1037 1850 1163 1893 aestus,

163 1903 292 1950 Quum
310 1903 448 1941 sitiunt
467 1905 604 1950 herbae,
623 1906 662 1942 et
681 1903 806 1954 pecori
819 1903 901 1954 jam
921 1902 1066 1953 gratior
1084 1901 1219 1938 umbra
1237 1901 1307 1945 est,

163 1956 214 1994 In
233 1960 377 1995 secreta
395 1958 493 1995 senis
513 1958 660 2004 ducam,
681 1971 754 2007 quo
773 1957 892 1994 fessus
911 1956 958 1993 ab
976 1954 1087 1992 undis

163 2010 211 2048 Se
228 2010 374 2061 recipit,
393 2011 501 2049 facile
519 2014 564 2049 ut
583 2025 715 2049 somno
734 2010 952 2062 aggrediare
963 2009 1166 2060 jacentem.

162 2063 307 2102 Verum
325 2064 391 2102 ubi
409 2068 625 2115 correptum
643 2064 817 2102 manibus
835 2063 1042 2112 vinclisque
1060 2061 1219 2107 tenebis,

165 2117 267 2156 Tum
284 2118 397 2155 variae
415 2118 570 2157 eludent
590 2118 729 2169 species
749 2120 863 2168 atque
882 2130 947 2155 ora
964 2116 1140 2154 ferarum.

165 2170 254 2209 Fiet
272 2171 374 2209 enim
392 2172 518 2210 subito
538 2186 601 2210 sus
619 2172 806 2216 horridus,
825 2173 980 2220 atraque
997 2169 1121 2220 tigris,

166 2225 469 2276 squamosusque
488 2226 610 2273 draco,
630 2228 669 2264 et
687 2225 793 2263 fulva
807 2224 948 2263 cervice
967 2224 1084 2261 leaena
1099 2240 1107 2269 ;

165 2278 249 2316 Aut
267 2292 391 2317 acrem
408 2280 570 2318 flammae
589 2280 759 2318 sonitum
777 2279 895 2326 dabit,
914 2281 1028 2328 atque
1045 2277 1102 2314 ita
1119 2275 1253 2313 vinclis

165 2331 340 2380 Excidet,
359 2335 426 2371 aut
444 2334 484 2371 in
503 2347 616 2384 aquas
634 2336 768 2371 tenues
787 2332 953 2383 dilapsus
971 2330 1103 2369 abibit.

168 2384 252 2432 Sed,
271 2389 414 2436 quanto
432 2387 494 2425 isse
512 2387 635 2438 magis
653 2387 792 2425 formas
812 2400 850 2424 se
868 2387 994 2424 vertet
1012 2384 1053 2422 in
1072 2397 1213 2428 omnes,

169 2438 305 2486 Tanto,
323 2442 424 2488 nate,
443 2441 564 2492 magis
583 2441 770 2479 contende
787 2440 936 2478 tenacia
953 2438 1100 2484 vincla3

169 2490 301 2530 Donec
318 2494 406 2531 talis
425 2494 508 2541 erit,
527 2497 679 2533 mutato
698 2507 862 2545 corpore,
882 2492 1032 2543 qualem

171 2543 330 2593 Videris,
343 2546 494 2598 incepto
512 2550 660 2599 tegeret
679 2562 798 2598 quum
814 2547 961 2584 lumina
979 2544 1152 2583 somno.''

225 2597 321 2636 Haec
335 2600 400 2648 ait,
419 2604 458 2639 et
476 2602 664 2652 liquidum
682 2601 880 2640 ambrosiae
899 2599 1080 2637 diffundit
1099 2597 1264 2642 odorem,

1365 83 1416 120 93
