1705 2744
259 114 333 151 148
662 123 696 149 P.
717 122 902 149 vaan
921 123 1108 150 immons

259 217 477 256 Coelicolum
495 216 576 268 regi
594 218 806 255 mactabam
824 217 863 254 in
882 217 990 256 litore
1008 220 1173 256 taurum.

258 271 375 309 Forte
394 271 466 308 fuit
479 271 592 321 juxta
609 271 790 315 tumulus,
810 284 883 320 quo
902 284 1035 309 cornea
1053 285 1200 309 summo

258 324 448 374 Virgulta,
467 327 505 361 et
525 323 648 361 densis
662 323 860 361 hastilibus
879 324 1029 361 horrida
1047 327 1208 375 myrtus.

260 378 432 423 Accessi3
459 377 689 426 viridemque
708 377 753 414 ab
773 377 889 414 humo
908 378 1112 415 convellere
1131 378 1265 416 silvam

261 430 439 475 Conatus,
458 429 570 467 ramis
590 432 757 479 tegerem
775 432 819 467 ut
837 430 1097 468 frondentibus
1117 444 1209 477 aras,

260 483 505 521 Horrendum
523 485 561 520 et
581 482 687 519 dictu
704 482 811 520 video
830 483 999 520 mirabile
1017 486 1242 521 monstrum.

259 537 363 573 Nam
382 549 461 586 quae
480 536 600 586 prima
618 535 695 573 solo
713 535 835 585 ruptis
854 535 1039 573 radicibus
1058 537 1166 574 arbos

260 589 434 635 Vellitur,
455 589 542 626 huic
561 591 643 626 atro
662 589 859 638 liquuntur
877 589 1058 638 sanguine
1076 592 1212 639 guttae,

259 643 314 680 Et
332 645 473 680 terram
490 642 580 679 tabo
600 642 802 679 maculant.
858 641 958 678 Mihi
977 642 1135 692 frigidus
1153 643 1286 680 horror

260 696 437 733 Membra
455 695 591 745 quatit,
610 695 828 745 gelidusque
848 695 924 732 coit
942 695 1140 733 formidine
1160 697 1322 747 sanguis.

260 749 408 785 Rursus
427 750 466 785 et
486 748 638 785 alterius
656 749 803 785 lentum
822 748 1027 785 convellere
1045 749 1169 786 vimen

261 802 456 852 Insequor,
476 803 515 838 et
534 815 661 838 causas
679 801 831 851 penitus
849 803 997 839 tentare
1014 801 1176 839 latentes
1190 818 1198 849 ;

260 856 356 892 Ater
375 857 413 892 et
433 854 586 892 alterius
605 855 774 904 sequitur
792 855 837 892 de
856 855 993 892 cortice
1012 855 1176 905 sanguis.

260 908 390 945 Multa
407 921 561 945 movens
581 908 716 954 animo,
737 908 940 958 Nymphas
960 909 1163 945 venerabar
1182 910 1359 959 agrestes,

261 961 543 1011 Gradivumque
561 964 709 1011 patrem
728 961 871 998 Geticis
891 961 954 1011 qui
972 961 1149 1010 praesidet
1169 962 1277 1008 arvis,

261 1014 353 1052 Rite
372 1015 618 1052 secundarent
636 1015 750 1060 visus,
770 1027 952 1063 omenque
969 1015 1149 1052 levarent.

259 1067 391 1105 Tertia
411 1068 475 1105 sed
493 1070 695 1118 postquam
712 1068 852 1117 majore
870 1067 1021 1104 hastilia
1039 1068 1125 1105 nisu

261 1121 484 1171 Aggredior,
503 1121 734 1171 genibusque
753 1121 918 1158 adversae
937 1121 1108 1158 obluctor
1127 1134 1269 1159 arenae:

260 1174 438 1223 Eloquar,
457 1187 504 1211 an
524 1174 683 1211 sileam?
712 1174 876 1224 gemitus
894 1174 1133 1212 lacrimabilis
1152 1175 1228 1212 imo

261 1228 428 1264 Auditur
445 1227 605 1274 tumulo,
625 1230 663 1264 et
682 1241 755 1264 vox
773 1227 919 1264 reddita
938 1228 1057 1264 fertur
1076 1228 1123 1265 ad
1142 1241 1268 1265 aures:

262 1284 270 1299 ⁶
284 1281 383 1327 Quid
402 1280 592 1326 miserum,
612 1280 742 1326 AEnea,
761 1280 930 1318 laceras?
953 1280 1033 1331 jam
1052 1294 1160 1330 parce
1180 1280 1349 1330 sepult0;

262 1334 378 1371 Parce
396 1334 475 1384 pias
495 1334 670 1371 scelerare
689 1347 834 1370 manus.
889 1333 981 1371 Non
999 1347 1059 1370 me
1077 1334 1150 1371 tibi
1170 1334 1283 1384 Troja

261 1387 475 1424 Externum
493 1387 607 1432 tulit,
635 1389 701 1424 aut
721 1400 828 1424 cruor
846 1387 908 1424 hic
928 1387 972 1424 de
991 1386 1121 1436 stipite
1140 1391 1280 1424 manat.

260 1440 372 1477 Heu!
401 1441 489 1490 fuge
509 1440 673 1477 crudeles
692 1442 822 1485 terras,
842 1440 930 1490 fuge
948 1440 1039 1476 litus
1059 1453 1224 1477 avarum.

259 1493 364 1530 Nam
382 1493 593 1543 Polydorus
612 1506 692 1543 ego.
747 1493 825 1530 Hic
845 1493 1033 1530 confixum
1052 1493 1170 1530 ferrea
1186 1493 1285 1531 texit

262 1546 440 1584 Telorum
460 1559 576 1596 seges,
596 1549 634 1583 et
648 1546 781 1596 jaculis
800 1546 958 1583 increvit
978 1546 1123 1583 acutis?

261 1600 362 1636 Tum
379 1613 466 1636 vero
486 1599 641 1649 ancipiti
659 1601 826 1636 mentem
845 1599 1042 1636 formidine
1060 1612 1208 1649 pressus

263 1653 464 1703 Obstupui,
484 1654 745 1702 steteruntque
764 1666 894 1698 comae,
914 1654 952 1689 et
971 1665 1043 1689 vox
1061 1652 1229 1689 faucibus
1247 1651 1374 1689 haesit.

315 1709 336 1725 “
349 1706 467 1742 Hunc
487 1705 719 1755 Polydorum
738 1706 817 1742 auri
836 1705 1026 1755 quondam
1044 1719 1130 1742 cum
1148 1706 1310 1755 pondere
1329 1718 1467 1754 magno

263 1759 400 1796 Infelix
421 1759 593 1795 Priamus
613 1759 746 1796 furtim
764 1759 961 1795 mandarat
980 1758 1156 1796 alendum

265 1812 440 1849 Threicio
459 1812 550 1862 regi,
571 1826 687 1862 quum
700 1812 782 1862 jam
800 1812 984 1849 diffideret
1003 1812 1116 1848 armis

265 1865 479 1911 Dardaniae,
499 1865 672 1915 cingique
691 1865 823 1902 urbem
842 1865 1033 1903 obsidione
1051 1865 1208 1902 videret.

264 1918 347 1964 Ille,
368 1921 411 1955 ut
431 1931 517 1967 opes
537 1918 667 1956 fractae
688 1918 887 1964 Teucrum,
907 1921 945 1956 et
964 1919 1117 1955 fortuna
1134 1917 1298 1963 recessit,

266 1971 341 2007 Res
360 1971 677 2020 Agamemnonias
696 1971 937 2021 victriciaque
957 1985 1060 2008 arma
1078 1973 1240 2016 secutus,

264 2023 338 2060 Fas
357 2037 467 2061 omne
486 2024 687 2073 abrumpit,
706 2024 939 2074 Polydorum
958 2025 1172 2069 obtruncat,
1191 2025 1230 2060 et
1249 2036 1338 2060 auro

265 2076 314 2113 Vi
332 2077 489 2126 potitur.
547 2077 647 2123 Quid
664 2091 741 2114 non
759 2078 936 2114 mortalia
952 2080 1105 2127 pectora
1123 2076 1237 2126 cogis,

264 2130 360 2166 Auri
379 2143 481 2167 sacra
499 2129 634 2167 fames!
690 2130 900 2179 Postquam
919 2142 1035 2179 pavor
1054 2142 1137 2167 ossa
1154 2128 1318 2178 reliquit,

266 2182 441 2220 Delectos
460 2182 588 2232 populi
606 2183 653 2219 ad
671 2196 850 2232 proceres,
870 2183 1106 2232 primumque
1125 2184 1331 2231 parentem,

265 2236 442 2273 Monstra
461 2236 572 2272 deum
589 2236 719 2281 refero,
739 2238 777 2273 et
796 2248 880 2285 quae
899 2236 949 2272 sit
969 2235 1167 2280 sententia,
1186 2248 1310 2285 posco.

266 2289 450 2326 Omnibus
469 2289 567 2325 idem
587 2289 733 2325 animus
753 2289 931 2326 scelerata
949 2288 1122 2325 excedere
1141 2291 1253 2334 terra,

267 2342 406 2392 Linqui
423 2342 610 2391 pollutum
629 2342 848 2390 hospitium,
868 2344 906 2379 et
926 2342 1012 2378 dare
1031 2341 1210 2378 classibus
1230 2344 1388 2380 austros.

266 2395 371 2445 Ergo
390 2395 642 2432 instauramus
663 2395 851 2445 Polydoro
870 2395 992 2440 funus,
1011 2397 1050 2432 et
1069 2394 1202 2444 ingens

266 2448 475 2498 Aggeritur
493 2448 640 2485 tumulo
660 2448 793 2494 tellus;
822 2450 927 2485 stant
946 2447 1118 2484 manibus
1138 2461 1222 2494 arae,

266 2501 445 2538 Caeruleis
464 2504 611 2538 maestae
631 2501 740 2538 vittis
759 2504 913 2551 atraque
932 2514 1117 2550 cupresso,

265 2555 321 2592 Et
340 2554 480 2592 circum
499 2554 636 2592 Iliades
655 2554 795 2592 crinem
815 2555 859 2592 de
877 2567 980 2592 more
999 2554 1154 2591 solutae:

267 2608 470 2645 Inferimus
489 2608 617 2659 tepido
637 2608 852 2659 spumantia
870 2608 1019 2659 cymbia
1036 2607 1145 2654 lacte,
