1705 2744
631 68 871 96 GEORGICON
888 68 970 95 Ln3.
992 68 1050 96 IV.

208 166 361 205 Scilicet
379 165 455 203 huc
475 165 582 203 reddi
600 164 735 202 deinde
754 177 796 202 ac
815 163 982 202 resoluta
999 163 1129 201 referri

208 220 368 267 Omnia3
395 233 464 257 nec
482 218 600 256 morti
618 231 697 257 esse
714 217 852 264 10011111,
872 218 938 255 sed
955 217 1043 254 viva
1059 217 1187 255 volare

207 273 348 311 Sideris
365 273 406 311 in
424 286 625 310 numerum
643 274 758 322 atque
777 271 855 309 alto
875 271 1070 309 succedere
1089 271 1195 309 coelo.

261 327 302 364 Si
321 326 470 377 quando
490 326 617 364 sedem
635 327 840 376 augustam
858 327 1080 375 servataque
1098 325 1211 363 mella

207 380 411 419 Tbesauris
429 380 575 426 relines,
594 379 699 430 prius
718 379 861 417 haustu
879 392 1028 430 sparsus
1048 392 1230 428 aquarum

208 434 285 472 Ora
303 434 400 480 fove,
419 434 617 483 fumosque
636 446 754 470 manu
771 433 964 483 praetende
984 446 1172 482 sequaces,

207 487 276 525 Bis
295 487 471 538 gravidos
491 489 635 538 cogunt
654 487 766 533 fetus,
786 487 860 524 duo
878 489 1052 537 tempora
1070 486 1224 524 messis:

207 541 381 592 Taygete
400 541 514 579 simul
533 554 574 579 os
592 541 703 578 terris
722 540 891 578 ostendit
909 541 1115 578 honestum

207 594 322 642 Plias,
342 597 382 633 et
401 595 530 633 oceani
549 596 695 645 spretos
714 594 808 644 pede
826 593 965 644 repulit
983 606 1135 640 amnes3

207 649 291 686 Aut
311 649 441 686 eadem
460 648 563 686 sidus
581 648 731 698 fugiens
749 648 815 685 ubi
834 647 955 685 Piscis
974 647 1105 697 aquosi

208 701 372 740 Tristior
389 702 566 740 hibernas
586 702 681 740 00010
700 701 894 739 descendit
912 702 953 738 in
970 701 1103 738 undas.

207 755 291 792 Illis
309 756 366 793 ira
382 755 542 793 modum
560 769 673 806 supra
691 758 760 801 est,
779 755 954 805 laesaeque
972 767 1161 792 venenum

210 808 406 847 Morsibus
425 809 625 860 inspirant,
645 810 684 846 et
704 808 847 859 spicula
866 822 962 846 caeca
978 808 1212 858 relinquunt,

208 863 346 900 Affixae
367 863 484 909 venis,
504 862 722 912 animasque
742 862 782 899 in
799 862 954 900 vulnere
972 865 1134 913 ponunt.

209 916 277 953 Sin
296 916 430 953 duram
448 918 595 953 metues
614 915 781 953 hiemem
798 929 1001 966 parcesque
1020 916 1151 953 futuro

209 969 474 1019 Contusosque
493 969 638 1007 animos
658 972 697 1007 et
715 983 775 1007 res
794 969 1018 1007 miserabere
1032 970 1195 1016 fractas;

207 1023 264 1060 At
284 1023 408 1061 suffire
426 1023 576 1073 thymo,
597 1036 773 1072 cerasque
791 1023 954 1061 recidere
973 1023 1102 1061 inanes

209 1076 302 1123 Quis
321 1076 472 1114 dubitet
488 1076 505 1115 ἓ
533 1090 623 1114 nam
643 1090 739 1127 saepe
758 1077 862 1114 favos
882 1076 1039 1127 ignotus
1059 1076 1188 1115 adedit

208 1129 353 1176 SteHio,
373 1133 412 1168 et
431 1130 607 1181 lucifugis
627 1132 809 1181 congesta
827 1130 964 1168 eubih‘a
982 1130 1128 1177 blattis,

208 1183 472 1233 Immunisque
491 1184 624 1222 sedens
643 1184 764 1221 aliena
782 1183 830 1221 ad
848 1183 987 1234 pabula
1005 1184 1112 1222 fucus
1128 1200 1136 1230 ;

208 1238 293 1274 Aut
311 1251 418 1288 asper
437 1238 567 1275 crabro
586 1237 793 1287 imparibus
813 1251 852 1275 se
870 1237 1080 1275 immiscuit
1100 1237 1225 1284 armis,

208 1291 291 1328 Aut
310 1290 435 1328 dirum
453 1291 567 1329 tineae
585 1304 706 1342 genus
721 1307 729 1337 ;
758 1293 825 1328 aut
843 1291 967 1329 invisa
987 1291 1176 1329 Minervae

210 1343 334 1382 Laxos
352 1344 392 1382 in
411 1344 554 1383 foribus
575 1345 772 1395 suspendit
792 1358 927 1383 aranea
946 1358 1079 1382 casses.

211 1397 295 1444 Quo
314 1398 436 1449 magis
456 1398 652 1436 exhaustae
670 1398 824 1444 fuerint,
843 1398 916 1436 hoc
936 1399 1057 1436 acrius
1077 1412 1209 1437 omnes

211 1451 443 1490 Incumbent
462 1452 609 1503 generis
627 1452 723 1503 lapsi
742 1452 877 1490 sarcire
896 1452 1036 1499 ruinas,

213 1504 542 1555 Complebuntque
560 1506 672 1552 foros,
692 1508 731 1543 et
749 1505 904 1543 fioribus
924 1506 1058 1544 horrea
1075 1508 1220 1544 texent.

266 1558 306 1595 Si
324 1572 424 1606 vero,
443 1559 621 1608 quoniam
641 1573 748 1597 casus
767 1559 898 1609 apibus
919 1573 1067 1609 quoque
1085 1562 1237 1597 nostros

213 1611 307 1648 Vita
323 1612 427 1659 tulit,
446 1612 552 1650 tristi
569 1612 806 1663 languebunt
825 1626 981 1663 corpora
998 1613 1143 1659 morbo,

214 1665 325 1711 Quod
337 1665 419 1716 jam
437 1679 515 1704 non
533 1665 656 1704 dubiis
675 1666 816 1716 poteris
835 1680 1058 1717 cognoscere
1078 1665 1218 1716 signis:

214 1717 407 1756 Continuo
427 1721 484 1757 est
505 1719 617 1770 aegris
636 1719 730 1757 alius
749 1719 872 1766 color;
899 1720 1053 1757 horrida
1070 1720 1223 1757 vultum

214 1771 417 1810 Deformat
435 1772 595 1820 macies3
622 1775 708 1810 tum
728 1786 883 1823 corpora
899 1773 982 1811 luce
1001 1776 1199 1811 carentum

213 1825 434 1875 Exportant
451 1826 577 1874 tectis,
595 1828 635 1864 et
651 1826 779 1864 tristia
796 1826 929 1864 funera
946 1827 1092 1864 ducunt
1106 1843 1114 1873 3

213 1878 298 1916 Aut
315 1879 390 1917 illae
408 1879 568 1930 pedibus
588 1893 767 1918 connexae
788 1880 835 1917 ad
852 1880 985 1918 limina
1002 1881 1182 1931 pendent,

214 1932 297 1970 Aut
315 1932 421 1970 intus
441 1933 577 1971 clausis
597 1935 827 1971 cunctantur
844 1934 885 1971 in
903 1934 1057 1981 aedibus,
1077 1947 1207 1974 omnes

213 1985 443 2036 Ignavaeque
461 1987 562 2025 fame
581 1990 620 2025 et
639 1990 837 2025 contracto
855 1987 995 2038 frigore
1013 1988 1142 2039 pigrae.

214 2039 315 2077 Tum
334 2054 448 2078 sonus
467 2041 622 2078 auditur
639 2041 802 2092 gravior,
820 2041 1051 2091 tractimque
1071 2042 1279 2088 susurrant,

213 2093 394 2144 Frigidus
412 2096 458 2131 ut
477 2095 668 2144 quondam
687 2094 790 2132 silvis
808 2095 1077 2133 immurmurat
1096 2097 1245 2141 auster3

214 2146 273 2184 Ut
293 2161 396 2185 mare
416 2147 622 2185 sollicitum
641 2148 771 2186 stridit
790 2148 1036 2186 refluentibus
1055 2149 1190 2195 undis3

213 2200 372 2239 AEstuat
389 2203 435 2239 ut
454 2201 589 2239 clausis
607 2202 760 2252 rapidus
778 2202 992 2240 fornacibus
1010 2203 1122 2254 ignis.

214 2253 293 2292 Hic
306 2254 387 2305 jam
405 2255 609 2306 galbaneos
629 2255 792 2294 suadebo
810 2255 1008 2294 incendere
1027 2257 1171 2304 odores,

215 2307 408 2358 Meuaque
427 2309 642 2348 arundineis
660 2309 798 2347 inferre
817 2310 1020 2356 canalibus,
1039 2311 1141 2348 ultro

215 2361 453 2400 Hortantem
471 2365 510 2401 et
528 2363 644 2401 fessas
663 2363 711 2400 ad
729 2363 867 2413 pabula
884 2366 978 2402 nota
994 2367 1207 2402 vocantem.

216 2413 394 2454 Proderit
413 2418 453 2454 et
472 2418 632 2454 tunsum
651 2417 760 2467 gallae
779 2417 983 2456 admiscere
1003 2432 1185 2468 saporem,

215 2468 450 2519 Arentesque
468 2483 583 2517 rosas,
603 2474 670 2508 aut
688 2471 770 2521 igni
787 2471 945 2522 pinguia
963 2471 1087 2510 multo

216 2520 389 2569 Destuta,
407 2523 468 2561 vel
485 2524 629 2574 psithia
645 2538 775 2575 passos
794 2525 840 2562 de
858 2525 938 2563 vite
956 2539 1136 2572 racemos,

218 2573 512 2627 Cecropiumque
530 2577 723 2629 thymum,
742 2580 782 2616 et
801 2592 915 2629 grave
935 2578 1077 2617 olentia
1095 2581 1308 2617 centaurea.

1426 59 1476 97 89
