1674 2775
92 1605 318 1642 PAXDITUR
335 1605 480 1643 interea
498 1605 632 1643 domus
652 1605 925 1656 omnipotentis
946 1605 1115 1656 Olympi,

93 1658 379 1709 Conciliumque
397 1661 510 1696 vocat
529 1659 659 1696 divum
678 1662 786 1709 pater
805 1662 919 1709 atque
936 1659 1139 1697 hominum
1158 1674 1223 1697 rex

92 1712 283 1749 Sideream
302 1712 343 1749 in
362 1713 510 1750 sedem:
539 1715 660 1750 terras
679 1713 779 1750 mide
798 1713 936 1750 arduus
957 1726 1099 1758 omnes,

92 1765 302 1815 Castraque
321 1765 585 1803 Dardanidum
604 1768 785 1816 aspectat,
804 1766 1038 1816 populosque
1058 1766 1231 1804 Latinos.

92 1818 307 1856 Considunt
325 1818 440 1856 tectis
458 1819 731 1869 bipatentibus.
787 1819 932 1869 Incipit
951 1819 1030 1868 ipse
1045 1836 1053 1857 ε

145 1875 166 1891 “
183 1871 368 1909 Coehcolae
386 1873 529 1922 magni,
549 1874 726 1922 quianam
745 1872 936 1910 sententia
954 1872 1062 1910 vobis

90 1924 211 1962 Versa
228 1928 343 1970 retro,
362 1928 591 1975 tantumque
610 1925 746 1963 animis
765 1926 920 1963 certatis
938 1925 1076 1975 iniquis
1092 1924 1109 1963 P

90 1978 312 2016 Abnueram
330 1979 429 2016 beHo
448 1979 604 2016 Italiam
624 1993 844 2017 concurrere
863 1978 1030 2017 Teucris.

92 2031 185 2078 Quae
204 2034 338 2069 contra
355 2032 521 2070 vetitum
540 2032 758 2071 discordia?
787 2033 870 2083 quis
889 2035 1015 2070 metus
1035 2034 1102 2069 aut
1122 2032 1203 2078 hos,

90 2086 174 2122 Aut
192 2085 262 2123 hos
281 2099 387 2123 arma
406 2085 522 2135 sequi,
541 2086 756 2136 ferrumque
775 2086 953 2124 lacessere
972 2085 1091 2122 suasit
1107 2085 1124 2123 Ρ

90 2138 283 2177 Adveniet
295 2138 448 2189 justum
466 2153 620 2189 pugnae,
640 2152 687 2177 ne
707 2139 894 2186 arcessite,
913 2141 1079 2189 tempus,

91 2191 219 2237 Quum
238 2192 317 2230 fera
336 2191 530 2243 Carthago
550 2192 735 2230 Romanis
755 2193 902 2230 arcibus
922 2192 1013 2230 olim

90 2244 267 2282 Exitium
285 2259 469 2296 magnum
488 2248 603 2296 atque
621 2246 738 2296 Alpes
756 2246 944 2283 immittet
963 2248 1112 2295 apertas
1129 2262 1136 2283 ε

91 2297 193 2335 Tum
212 2301 356 2337 certare
375 2299 482 2345 odiis,
501 2301 588 2337 tum
606 2313 665 2337 res
684 2300 851 2350 rapuisse
870 2299 1011 2337 licebit.

91 2350 207 2389 Nunc
227 2352 362 2399 sinite3
391 2355 430 2390 et
455 2353 639 2402 placitum
656 2353 735 2391 laeti
753 2353 970 2403 componite
988 2352 1150 2390 foedus.'⁷

145 2404 302 2455 Jupiter
319 2405 399 2443 haec
418 2406 547 2456 paucis
562 2423 571 2454 ;
599 2409 640 2444 at
658 2420 736 2444 non
756 2407 887 2445 Venus
907 2419 1019 2443 aurea-
1037 2408 1171 2443 contra

92 2455 220 2495 Pauca
236 2458 352 2496 refert
370 2475 378 2496 :

94 2512 115 2528 “
132 2509 165 2546 O
185 2510 314 2557 Pater,
334 2525 356 2549 o
374 2511 575 2549 hominum
594 2513 801 2563 divumque
820 2515 962 2550 aeterna
978 2514 1214 2562 potestas,—

93 2561 272 2613 Namque
290 2564 395 2601 aliud
413 2565 504 2615 quid
523 2565 585 2611 sit,
605 2566 707 2616 quod
719 2566 801 2616 jam
819 2566 1020 2616 implorare
1039 2578 1219 2614 queamus
1237 2564 1308 2602 ‘2³⁴-

93 2614 226 2653 Cernis
245 2619 292 2654 ut
310 2617 498 2656 insultent
517 2618 678 2667 Rutuli3
707 2619 933 2670 Turnusque
952 2618 1095 2656 feratur
