1674 2775
618 109 810 137 Emmos
829 110 912 136 ΗΒ.
933 109 970 136 x.
1355 104 1435 143 33¹7

155 207 263 246 Tolle
281 206 446 245 minas.”
502 205 626 244 Fatus
644 205 814 243 medium
831 204 1004 256 procedit
1020 205 1063 243 in
1080 219 1220 256 aequor.

155 261 338 312 Frigidus
356 260 568 298 Arcadibus
588 259 666 297 coit
683 259 725 296 in
741 259 948 309 praecordia
966 259 1133 310 sanguis.

154 314 325 353 Desiluit
344 314 497 352 Turnus
516 313 678 364 bijugis3
706 313 820 363 pedes
839 315 998 363 apparat
1016 313 1070 351 ire

156 368 352 406 Cominus.
408 367 540 418 thue
558 367 629 413 leo,
649 366 801 417 specula
819 380 938 417 quum
957 366 1055 405 vidit
1075 368 1122 406 ab
1141 368 1221 407 alta

156 422 266 460 Stare
285 421 418 472 procul
436 421 578 471 campis
596 420 852 458 meditantem
869 420 910 457 in
928 420 1062 471 proelia
1078 423 1246 470 taurum,

154 475 348 522 Advolat3
375 475 479 513 haud
497 475 570 512 alia
588 476 647 512 est
666 474 788 511 Turni
806 473 994 512 venientis
1013 474 1153 526 imago.

154 529 276 567 Hunc
294 529 361 567 ubi
380 529 608 579 contiguum
626 528 754 566 missae
772 527 852 565 fore
871 528 1032 566 credidit
1051 528 1185 578 hastae,

155 582 221 621 Ire
239 583 342 633 prior
362 582 501 629 Pallas,
521 582 553 619 si
572 595 647 632 qua
664 582 741 619 fors
760 581 916 632 adjuvet
935 595 1070 620 ausum

154 636 310 675 Viribus
329 636 549 687 imparibus,
567 648 826 686 magnumque
844 635 901 673 ita
919 635 967 672 ad
985 636 1130 674 aethera
1147 637 1272 676 fatur:

157 692 178 712 “
192 690 268 728 Per
285 690 407 741 patris
426 689 650 740 hospitium,
670 691 710 726 et
729 702 877 726 mensas
897 702 989 739 quas
1009 689 1154 728 advena
1173 691 1299 740 adisti,

155 743 211 782 Te
229 757 373 794 precor,
392 743 538 790 Alcide,
553 742 688 793 coeptis
707 742 929 793 ingentibus
949 743 1060 781 adsis.

156 797 299 836 Cernat
318 797 497 835 semineci
515 796 588 834 sibi
606 809 667 834 me
686 809 815 846 rapere
834 809 940 833 arma
958 798 1127 844 cruenta,

154 851 428 901 Victoremque
446 851 571 888 ferant
590 849 794 888 morientia
811 849 957 888 lumina
975 850 1137 888 Turni.’'

155 905 294 943 Audiit
314 905 466 942 Alcides
480 904 674 955 juvenem,
693 917 952 954 magnumque
972 904 1042 942 sub
1060 904 1138 943 imo

155 958 278 997 Corde
297 958 437 1009 premit
455 957 655 1009 gemitum,
673 957 921 1008 lacrimasque
940 957 1075 996 effudit
1092 959 1234 997 inanes.

155 1012 259 1050 Tum
279 1013 442 1050 Genitor
460 1013 596 1049 natum
616 1011 728 1049 dictis
749 1011 888 1049 affatur
908 1011 1059 1050 amicis:

155 1069 177 1087 “
194 1066 282 1104 Stat
303 1080 370 1104 sua
389 1065 524 1116 cuique
543 1065 645 1112 dies3
671 1065 786 1103 breve
805 1067 844 1103 et
863 1065 1102 1115 irreparabile
1121 1067 1274 1118 tempus

156 1120 345 1158 Omnibus
364 1121 423 1158 est
441 1119 557 1157 vitae:
587 1119 653 1157 sed
670 1119 813 1156 famam
832 1119 1033 1157 extendere
1052 1119 1175 1168 factis,

154 1174 245 1212 Hoc
264 1173 422 1211 virtutis
441 1186 548 1223 opus.
604 1172 730 1223 Trojae
751 1173 821 1210 sub
839 1173 1031 1210 moenibus
1050 1173 1138 1212 altis

154 1227 233 1265 Tot
251 1227 334 1265 nati
352 1226 517 1265 cecidere
535 1226 648 1263 deum
663 1242 672 1272 3
700 1226 791 1277 quin
811 1226 950 1264 occidit
968 1240 1045 1264 una

155 1281 360 1332 Sarpedon,
380 1293 465 1318 mea
483 1279 694 1330 progenies.
750 1279 885 1317 Etiam
904 1293 972 1318 sua
991 1280 1166 1318 Turnum

154 1334 256 1372 Fata
273 1336 423 1381 vocant,
443 1336 639 1384 metasque
658 1333 740 1370 dati
757 1333 931 1384 pervenit
950 1334 999 1371 ad
1017 1335 1129 1372 aevi.”

154 1388 217 1426 Sic
237 1388 302 1434 ait,
322 1391 436 1439 atque
456 1387 583 1425 oculos
603 1387 841 1424 Rutulorum
859 1387 983 1438 rejicit
1002 1389 1114 1427 arvis.

154 1443 211 1479 At
232 1442 357 1480 Pallas
376 1441 525 1492 magnis
545 1441 692 1479 emittit
710 1441 855 1479 viribus
875 1441 1038 1488 hastam,

115 1545 119 1548 ι
156 1495 399 1546 [Vaginaque
418 1508 510 1533 cava
527 1495 740 1545 fulgentem
759 1495 899 1546 deripit
918 1495 1078 1546 ensem]

153 1549 229 1587 Illa
247 1549 390 1596 volans,
408 1549 577 1587 humeris
597 1551 763 1599 surgunt
782 1562 857 1598 qua
874 1549 1048 1599 tegmina
1066 1563 1227 1596 summa,

153 1603 310 1649 Incidit,
331 1605 445 1653 atque
464 1602 567 1639 viam
586 1602 697 1652 clipei
715 1602 851 1639 molita
869 1615 936 1652 per
954 1616 1050 1649 oraS,

153 1656 327 1694 Tandem
346 1657 464 1695 etiam
482 1669 623 1706 magno
643 1655 800 1693 strinxit
820 1656 866 1694 de
886 1669 1040 1706 corpore
1060 1656 1193 1694 Turni.

152 1709 233 1748 Hic
254 1710 406 1747 Turnus
425 1710 524 1748 ferro
542 1709 742 1760 praefixum
760 1709 877 1747 robur
895 1712 1008 1748 acuto

152 1763 202 1801 In
223 1763 401 1802 Pallanta
419 1763 486 1801 diu
502 1763 646 1801 librans
659 1763 767 1814 jacit,
788 1765 902 1813 atque
920 1764 978 1801 ita
996 1764 1122 1802 fatur:

153 1820 174 1836 “
187 1817 339 1868 Aspice,
358 1831 453 1855 num
471 1830 583 1867 mage
602 1817 653 1855 sit
672 1819 848 1854 nostrum
866 1817 1101 1868 penetrabile
1119 1816 1283 1856 telum.'’

150 1870 336 1918 Dixerat3
365 1873 406 1909 at
425 1871 601 1921 clipeum,
619 1873 683 1908 tot
701 1870 791 1908 ferri
808 1873 929 1921 terga,
948 1873 1012 1909 tot
1031 1871 1115 1909 aeris

151 1924 280 1971 Quum
300 1924 408 1975 pellis
426 1924 570 1963 totiens
590 1924 703 1962 obeat
722 1924 957 1963 circumdata
973 1925 1088 1973 tauri,

150 1977 332 2016 Vibranti
350 1978 520 2016 medium
539 1978 663 2028 cuspis
682 1979 967 2016 transverberat
985 1979 1079 2025 ictu,

149 2030 376 2083 Loricaeque
395 2045 520 2070 moras
540 2034 579 2070 et
597 2034 732 2082 pectus
750 2032 919 2082 perforat
937 2033 1085 2083 ingens.

149 2085 225 2124 Ille
243 2087 344 2137 rapit
364 2086 531 2124 calidum
549 2086 692 2123 frustra
710 2086 756 2123 de
774 2086 931 2124 vulnere
948 2086 1094 2125 telum:

150 2138 241 2177 Una
259 2140 464 2190 eademque
483 2139 546 2177 via
564 2139 719 2190 sanguis
739 2139 964 2190 animusque
983 2141 1208 2190 sequuntur.

151 2192 307 2231 Corruit
325 2194 366 2231 in
384 2193 546 2240 vulnus;
576 2193 746 2231 sonitum
766 2207 879 2244 super
898 2207 1003 2232 arma
1021 2194 1156 2232 dedere
1171 2210 1180 2242 3

150 2246 208 2284 Et
226 2249 370 2285 terram
387 2247 569 2286 hostilem
587 2247 752 2285 moriens
770 2248 872 2298 petit
891 2261 954 2286 ore
973 2250 1144 2286 cruento.

152 2301 276 2346 Quem
295 2301 448 2339 Turnus
467 2315 579 2352 super
597 2301 805 2339 adsistens:

152 2355 174 2372 “
185 2353 365 2402 Arcades,
384 2355 504 2402 haec,”
526 2355 664 2406 inquit,
685 2357 905 2393 “memores
923 2368 1010 2393 mea
1029 2355 1134 2393 dicta
1150 2354 1289 2393 referte

151 2405 332 2446 Evandro
347 2425 354 2446 :
385 2409 547 2456 Qualem
564 2409 718 2456 meruit,
738 2409 916 2447 Pallanta
933 2409 1106 2447 remitto.

152 2458 331 2510 Quisquis
349 2462 471 2500 honos
489 2462 642 2509 tumuli,
663 2462 848 2513 quidquid
866 2463 1035 2501 solamen
1053 2461 1239 2500 humandi
1257 2463 1328 2509 est,

151 2511 325 2564 Largior.
380 2515 501 2553 Haud
518 2516 575 2553 illi
594 2516 754 2554 stabunt
773 2516 911 2554 AEne'ia
928 2530 1046 2567 parvo

153 2565 376 2617 Hospitia.”
433 2569 490 2607 Et
508 2569 605 2608 laevo
623 2570 763 2620 pressit
781 2570 876 2621 pede
894 2570 989 2608 talia
1005 2570 1109 2608 fatus

154 2618 396 2670 Exanimem,
415 2623 566 2674 rapiens
583 2623 768 2661 immania
785 2624 953 2674 pondera
969 2623 1100 2672 baltei,

777 2689 799 2715 z
