1705 2744
236 100 310 136 154
639 111 674 137 Ρ.
694 110 879 137 v1nG1L11
900 111 1087 138 MARoms

236 203 467 241 Instruimus
487 217 644 251 mensas,
664 204 810 255 arisque
828 206 1041 255 reponimus
1061 206 1211 257 ignem:

235 257 404 295 Rursum
423 271 468 295 ex
486 258 631 295 diverso
652 258 735 295 coeli
754 258 936 308 caecisque
954 259 1108 297 latebris

235 310 364 347 Turba
382 324 517 348 sonans
537 310 701 361 praedam
719 311 875 361 pedibus
895 312 1140 350 circumvolat
1159 314 1277 360 uncis,

236 363 381 400 Polluit
400 377 462 401 ore
481 363 604 414 dapes.
660 363 776 401 Sociis
795 366 899 410 tunc,
919 378 1022 402 arma
1041 369 1246 415 capessant,

235 416 366 462 Edico,
386 418 425 454 et
444 416 524 454 dira
542 416 684 454 bellum
703 430 789 453 cum
807 419 920 467 gente
938 419 1165 467 gerendum:

237 469 354 506 Haud
373 483 477 506 secus
496 482 538 507 ac
551 469 648 519 jussi
666 469 820 515 faciunt,
839 472 1034 520 tectosque
1053 485 1118 520 per
1136 472 1292 510 herbam

235 522 456 572 Disponunt
475 536 591 568 enses,
610 525 649 559 et
668 524 776 559 scuta
792 522 952 560 latentia
970 525 1149 561 condunt.

236 575 354 625 Ergo,
372 575 438 612 ubi
456 575 614 625 delapsae
635 575 802 613 sonitum
819 589 885 625 per
904 589 1017 613 curva
1035 577 1167 614 dedere

238 628 380 673 Litora,
400 629 466 666 dat
485 629 636 678 signum
655 628 804 678 specula
822 629 992 666 Misenus
1012 630 1059 666 ab
1077 629 1155 667 alta

238 681 328 718 [Ere
347 694 449 718 cavo.
505 681 699 718 Invadunt
718 682 818 727 socii,
838 684 877 719 et
895 695 993 719 nova
1010 683 1141 732 proelia
1158 685 1324 730 tentant,

237 734 426 771 Obscenas
444 734 567 785 pelagi
587 735 682 772 ferro
702 734 840 772 foedare
858 735 1037 773 volueres.

238 787 311 824 Sed
329 800 448 837 neque
467 788 545 824 vim
564 787 702 837 plumis
721 788 847 833 ullam,
866 801 934 825 nec
952 788 1107 825 vulnera
1125 791 1234 840 tergo

236 840 464 890 Accipiunt3
492 841 673 890 celerique
692 841 782 891 fuga
801 841 869 878 sub
888 841 1008 878 sidera
1026 841 1137 891 lapsae

238 893 429 930 Semesam
446 894 611 944 praedam
629 896 668 931 et
687 894 848 944 vestigia
866 894 965 931 foeda
983 895 1212 945 relinquunt.

238 946 327 983 Una
344 946 383 983 in
402 947 576 996 praecelsa
594 947 765 984 concedit
783 961 874 997 rupe
894 947 1052 994 Celaeno,

239 999 377 1036 Infelix
395 1002 512 1046 vates,
532 1000 749 1050 rumpitque
768 1000 864 1037 hanc
883 1003 1033 1050 pectore
1052 1014 1204 1039 vocem:

239 1056 247 1071 ‘
262 1052 412 1090 Bellum
431 1053 545 1090 etiam
564 1067 631 1103 pro
651 1054 749 1090 caede
768 1054 883 1091 boum
903 1054 1106 1104 stratisque
1119 1055 1303 1104 juvencis,

239 1105 580 1152 Laomedontiadae,
599 1106 788 1144 bellumne
806 1107 941 1144 inferre
960 1107 1111 1157 paratis,

238 1159 294 1196 Et
313 1159 435 1208 patrio
455 1159 646 1210 Harpyias
665 1159 832 1197 insontes
851 1160 987 1209 pellere
1006 1174 1121 1210 regno
1137 1159 1154 1198 Ρ

237 1212 410 1262 Accipite
429 1225 518 1262 ergo
537 1212 670 1249 animis
690 1216 803 1262 atque
821 1213 899 1250 haec
919 1227 1002 1250 mea
1020 1213 1127 1263 figite
1146 1213 1267 1251 dicta:

239 1265 331 1310 Quae
351 1265 496 1303 Phoebo
515 1268 623 1315 pater
641 1266 889 1316 omnipotens,
909 1266 1004 1303 mihi
1024 1266 1190 1303 Phoebus
1209 1266 1346 1317 Apollo

239 1317 422 1355 Praedixit
440 1319 545 1356 vobis
566 1319 767 1355 Fun'arum
786 1332 855 1368 ego
874 1319 1037 1356 maxima
1055 1320 1189 1369 pando.

239 1370 393 1408 Italiam
413 1385 523 1408 cursu
541 1372 693 1422 petitis,
721 1372 917 1422 ventisque
936 1372 1079 1409 vocatis

239 1423 352 1461 Ibitis
373 1424 538 1471 Italiam,
557 1428 763 1475 portusque
781 1424 921 1462 intrare
939 1425 1079 1462 licebit.

237 1477 312 1514 Sed
330 1491 407 1514 non
425 1480 513 1515 ante
533 1478 662 1515 datam
681 1478 840 1527 cingetis
859 1478 1045 1515 moenibus
1065 1478 1208 1524 urbem,

238 1530 362 1576 Quam
380 1544 446 1568 vos
466 1531 547 1567 dira
564 1531 679 1568 fames
699 1533 910 1580 nostraeque
927 1531 1064 1581 injuria
1083 1531 1191 1568 caedis

237 1583 421 1620 Ambesas
441 1583 592 1634 subigat
611 1584 718 1621 malis
738 1584 930 1621 absumere
949 1584 1120 1621 mensas.’

292 1639 313 1655 “
326 1636 458 1683 Dixit3
487 1639 526 1673 et
545 1637 584 1673 in
604 1637 736 1674 silvam
755 1637 887 1686 pennis
907 1637 1032 1674 ablata
1050 1637 1203 1687 refugit.

238 1689 294 1726 At
313 1689 421 1726 sociis
441 1690 567 1727 subita
585 1690 731 1740 gelidus
750 1689 948 1727 formidine
967 1690 1120 1740 sanguis

239 1742 419 1792 Deriguit
435 1759 443 1789 ;
471 1742 633 1780 cecidere
653 1742 789 1780 animi:
818 1756 886 1780 nec
899 1743 981 1793 jam
999 1742 1159 1792 amplius
1179 1742 1304 1790 armis,

239 1794 313 1832 Sed
330 1795 430 1832 votis
449 1795 694 1846 precibusque
707 1796 844 1846 jubent
864 1809 1059 1846 exposcere
1078 1809 1219 1845 pacem,

241 1847 326 1885 Sive
346 1848 435 1895 deae,
455 1862 519 1886 seu
539 1849 616 1886 sint
635 1849 724 1886 dirae
733 1849 984 1909 obscenaeque
1002 1849 1182 1886 volucres.

240 1900 296 1937 Et
315 1903 422 1950 pater
441 1901 625 1939 Anchises
645 1902 762 1951 passis
782 1902 827 1939 de
845 1902 955 1939 litore
973 1902 1108 1951 palmis

239 1953 411 1990 Numina
428 1967 567 2004 magna
585 1957 707 2001 vocat,
726 1955 955 2004 meritosque
973 1955 1107 1992 indicit
1125 1954 1307 1992 honores:

239 2009 248 2024 ‘
262 2006 326 2051 Di,
345 2006 541 2056 prohibete
559 2007 700 2045 minas!
730 2008 779 2054 dj,
798 2007 915 2045 talem
933 2007 1092 2045 avertite
1111 2020 1249 2053 casum,

239 2059 295 2095 Et
313 2058 449 2108 placidi
468 2063 612 2097 servate
631 2060 711 2109 pios
725 2060 745 2097 l’
803 2061 903 2097 Tum
921 2060 1031 2098 litore
1049 2060 1180 2097 funem

239 2111 431 2161 Deripere,
450 2125 694 2161 excussosque
707 2112 818 2160 jubet
836 2113 959 2150 laxare
977 2113 1166 2149 rudentes,

240 2164 420 2202 Tendunt
438 2165 521 2202 vela
538 2165 642 2202 noti:
671 2165 826 2202 ferimur
845 2165 1107 2215 spumantibus
1125 2164 1249 2210 undis,

240 2218 324 2264 Qua
342 2231 495 2255 cursum
513 2221 725 2267 ventusque
743 2218 1045 2268 gubernatorque
1063 2218 1262 2255 vocabant.

240 2270 268 2307 J
271 2284 332 2307 am
350 2271 473 2308 medio
493 2272 646 2321 apparet
665 2271 784 2308 fluctu
803 2284 997 2308 nemorosa
1016 2270 1244 2320 Zacynthos,

240 2323 547 2373 Dulichiumque,
567 2324 760 2373 Sameque,
779 2326 818 2361 et
838 2324 993 2361 Neritos
1013 2323 1129 2360 ardua
1147 2323 1257 2361 saxis.

240 2376 457 2426 Effugimus
476 2377 646 2426 scopulos
665 2376 820 2422 Ithacae,
841 2376 993 2414 Laertia
1010 2389 1137 2425 regna,

241 2430 296 2467 Et
314 2432 455 2467 terram
473 2429 642 2467 altricem
662 2429 749 2466 saevi
767 2443 1002 2467 exsecramur
1021 2429 1138 2466 Ulixi.

240 2482 335 2520 Mox
354 2485 393 2520 et
412 2482 588 2520 Leucatae
606 2482 777 2520 nimbosa
795 2482 988 2520 cacumina
1004 2482 1159 2528 montis,

241 2536 296 2573 Et
314 2535 538 2573 formidatus
557 2536 683 2573 nautis
702 2535 867 2585 aperitur
885 2535 1035 2585 Apollo.

240 2588 359 2626 Hunc
378 2589 542 2639 petimus
562 2589 659 2637 fessi,
680 2591 718 2627 et
736 2602 859 2639 parvae
878 2588 1110 2626 succedimus
1128 2587 1213 2625 urbi
1229 2603 1236 2625 :
