1705 2744
648 103 839 132 AEmzmos
857 103 939 130 ΠΒ.
960 103 1009 130 11.
1389 96 1465 134 143

191 200 426 251 Suspensum
444 201 484 238 et
501 199 643 251 pariter
662 199 867 250 comitique
886 199 1064 249 onerique
1082 199 1298 239 timentem.

190 254 357 304 Jamque
376 254 676 305 propinquabam
693 253 827 304 portis,
847 266 1073 303 omnemque
1090 253 1246 293 videbar

190 307 368 345 Evasisse
386 307 507 345 vicem
523 324 532 354 ;
560 307 687 345 subito
706 320 825 358 quum
843 307 971 344 creber
989 307 1037 344 ad
1055 320 1162 345 aures

189 360 304 398 Visus
324 361 452 399 adesse
469 360 610 411 pedum
629 361 788 408 sonitus,
807 360 1032 411 genitorque
1049 374 1116 411 per
1134 362 1309 399 umbram

189 413 440 465 Prospiciens,
460 418 468 434 ‘
482 415 523 452 N
524 415 610 461 ate,'
632 414 829 461 exclamat,
849 417 858 433 ‘
870 414 970 464 fuge,
990 416 1101 461 nate3
1130 415 1409 466 propinquam&

188 468 380 506 Ardentes
400 468 538 518 clipeos
556 470 671 518 atque
691 482 763 506 aera
780 467 961 505 micantia
980 468 1116 505 cerno.’

189 521 269 559 Hic
289 521 385 559 mihi
402 522 528 559 nescio
547 522 649 572 quod
666 521 815 572 trepido
834 521 931 559 male
950 534 1092 558 numen
1111 521 1276 559 amicum

191 574 398 612 Confusam
417 575 556 626 eripuit
574 577 755 613 mentem.
811 575 989 625 Namque
1007 574 1092 612 avia
1105 588 1219 613 cursu

189 627 296 665 Dum
317 642 462 679 sequor,
482 631 521 666 et
539 631 633 666 nota
651 629 788 667 excedo
807 628 960 679 regione
978 628 1138 675 viarum,

189 682 303 719 Heu!
332 682 469 720 misero
489 682 625 733 conjux
642 683 771 720 fatone
790 684 919 732 erepta
937 681 1078 719 Creiisa

190 735 387 783 Substitit,
407 736 595 774 erravitne
613 736 686 782 via,
705 749 771 774 seu
788 735 886 773 lassa
902 735 1053 782 resedit,

189 788 412 836 Incertum3
440 803 508 827 nec
527 791 614 840 post
633 790 750 827 oculis
769 791 828 827 est
845 788 994 826 reddita
1012 788 1164 826 nostris.

189 842 275 880 Nec
293 842 397 893 prius
417 843 594 880 amissam
612 843 770 893 respexi,
789 842 1006 880 animumve
1025 842 1163 889 reflexi,

190 896 315 942 Quam
333 896 528 933 tumulum
546 896 715 946 antiquae
736 895 880 934 Cereris
899 896 1098 947 sedemque
1117 897 1303 934 sacratam

189 949 374 987 Venimus
390 966 397 987 :
426 950 488 987 hic
508 950 659 988 demum
680 950 846 988 collectis
865 950 1040 988 omnibus
1058 963 1134 986 una

190 1002 349 1050 Defuit3
378 1005 417 1041 et
437 1003 605 1049 comiteS,
625 1006 845 1054 natumque,
863 1003 1062 1053 virumque
1080 1002 1227 1040 sefelJit.

190 1056 315 1103 Quem
332 1070 410 1094 non
428 1057 598 1094 incusavi
616 1071 745 1094 amens
764 1057 1036 1107 hominumque
1056 1055 1317 1106 deorumque?

189 1110 273 1147 Aut
293 1110 384 1160 quid
402 1110 442 1147 in
461 1124 590 1149 eversa
606 1110 686 1148 vidi
704 1111 891 1148 crudelius
910 1110 1034 1149 urbe?

188 1163 410 1210 Ascanium,
429 1164 697 1215 Anchisenque
715 1166 876 1215 patrem,
896 1164 1134 1214 Teucrosque
1153 1165 1309 1214 penates

191 1216 426 1255 Commendo
445 1217 566 1264 sociis,
586 1220 625 1256 et
644 1232 759 1256 curva
776 1218 874 1256 valle
892 1218 1075 1265 recondo,

189 1270 280 1322 Ipse
298 1271 432 1309 urbem
450 1274 591 1322 repeto,
611 1274 650 1309 et
669 1272 801 1323 cingor
819 1271 1053 1322 fulgentibus
1073 1272 1199 1310 armis.

190 1324 279 1362 Stat
298 1338 405 1362 casus
423 1338 603 1363 renovare
622 1339 763 1372 omnes,
783 1339 1009 1376 omnemque
1027 1326 1168 1362 reverti

190 1377 266 1415 Per
284 1378 449 1429 Trojam,
470 1380 508 1416 et
526 1393 656 1417 rursus
675 1382 790 1430 caput
809 1379 996 1430 objectare
1015 1379 1175 1429 periclis.

190 1430 384 1482 Principio
402 1446 530 1471 muros
549 1433 780 1484 obscuraque
798 1433 930 1470 limina
946 1434 1083 1483 portae,

191 1484 277 1531 Qua
293 1499 467 1536 gressum
485 1486 705 1533 extuleram,
724 1489 854 1537 repeto
869 1503 877 1533 ;
906 1489 945 1525 et
964 1486 1127 1537 vestigia
1145 1487 1247 1523 retro

193 1537 404 1576 Observata
422 1553 556 1590 sequor
573 1554 639 1590 per
657 1543 810 1578 noctem
830 1542 869 1578 et
887 1540 1030 1578 lumine
1048 1539 1182 1577 lustro.

191 1590 342 1629 Horror
359 1592 499 1643 ubique
517 1593 674 1640 animos,
694 1593 807 1631 simul
824 1593 906 1644 ipsa
924 1594 1075 1632 silentia
1092 1594 1251 1630 terrent.

192 1643 290 1682 Inde
309 1645 476 1692 domum,
496 1646 528 1683 si
545 1646 643 1684 forte
660 1647 807 1697 pedem,
827 1647 859 1684 si
877 1647 975 1685 forte
993 1647 1157 1691 tulisset,

192 1697 262 1735 Me
280 1698 411 1736 refero.
467 1698 664 1737 Irruerant
684 1700 820 1748 Danai,
840 1703 879 1738 et
897 1702 1046 1738 tectum
1065 1712 1177 1737 omne
1195 1698 1390 1736 tenebant.

192 1750 305 1789 Ilicet
324 1751 425 1801 ignis
444 1752 538 1790 edax
556 1766 705 1790 summa
723 1753 771 1790 ad
788 1753 943 1804 fastigia
960 1755 1076 1791 vento

191 1804 393 1852 Volvitur3
422 1809 648 1856 exsuperant
666 1807 852 1853 flammae3
880 1807 974 1844 furit
994 1809 1110 1844 aestus
1131 1805 1178 1844 ad
1196 1818 1316 1843 auras

191 1857 374 1906 Procedo,
394 1861 432 1896 et
453 1859 597 1897 Priami
615 1860 719 1898 sedes
739 1873 936 1910 arcemque
954 1860 1087 1898 reviso.

191 1911 248 1949 Et
261 1911 344 1962 jam
363 1912 571 1963 porticibus
590 1913 718 1951 vacuis
738 1913 766 1950 J
767 1914 903 1952 unonis
923 1913 1028 1964 asylo

192 1964 380 2003 Custodes
399 1966 489 2004 lecti
508 1966 673 2005 Phoenix
691 1969 730 2005 et
750 1967 853 2005 dirus
872 1967 1004 2005 Ulixes

192 2017 366 2057 Praedam
385 2021 640 2058 asservabant.
696 2020 788 2058 Huc
807 2020 974 2070 undique
995 2020 1110 2058 Tro'ia
1127 2033 1221 2071 gaza

191 2071 363 2110 Incensis
383 2075 512 2124 erepta
531 2074 669 2125 adytis,
689 2088 901 2124 mensaeque
921 2074 1088 2120 deorum,

192 2125 440 2176 Crateresque
459 2141 550 2165 auro
569 2127 690 2175 solidi,
709 2128 932 2178 captivaque
949 2127 1067 2165 vestis

193 2178 434 2231 Congeritur.
492 2181 608 2219 Pueri
626 2183 665 2220 et
683 2181 827 2232 pavidae
845 2181 960 2232 longo
979 2181 1109 2219 ordine
1128 2182 1268 2218 matres

193 2232 307 2271 Stant
326 2234 479 2272 circum.

193 2285 319 2324 Ausus
339 2288 431 2338 quin
450 2288 567 2326 etiam
585 2302 695 2327 voces
708 2289 854 2341 jactare
872 2302 939 2340 per
956 2288 1143 2335 umbram,

193 2338 356 2390 Implevi
374 2342 536 2380 clamore
554 2343 646 2390 vias,
664 2345 894 2393 maestusque
915 2342 1100 2380 Creiisam

194 2391 462 2445 Nequidquam
480 2396 719 2447 ingeminans
737 2396 952 2447 iterumque
970 2396 1184 2446 iterumque
1203 2394 1346 2432 vocavi.

195 2445 397 2495 Quaerenti,
417 2451 456 2487 et
475 2450 590 2488 tectis
608 2450 713 2488 urbis
732 2450 812 2488 sine
830 2450 906 2488 fine
925 2449 1079 2496 furenti,

196 2498 333 2538 Infelix
352 2502 596 2541 simulacrum
615 2505 730 2554 atque
747 2503 866 2554 ipsius
885 2504 1021 2541 umbra
1041 2502 1190 2540 Creusae

194 2551 285 2592 Visa
301 2555 398 2593 mihi
416 2558 506 2594 ante
524 2557 664 2604 oculos,
684 2559 723 2595 et
741 2559 835 2595 nota
852 2556 972 2607 major
989 2556 1128 2607 imago.

196 2605 397 2659 Obstupui,
416 2611 682 2661 steteruntque
702 2623 831 2658 comae,
852 2613 891 2649 et
911 2624 984 2648 vox
1003 2610 1173 2648 faucibus
1192 2607 1316 2646 haesit.
