1674 2775
278 122 355 161 372
679 133 714 159 Ρ.
733 133 918 160 1111101111
936 133 1123 161 innon-rs

280 228 396 278 Ergo,
415 228 460 264 ut
478 226 592 264 missa
609 239 723 264 manu
742 227 910 265 sonitum
928 228 1031 266 dedit
1049 229 1160 267 hasta
1177 243 1242 280 per
1260 244 1380 279 auras,

280 281 506 317 Convertere
525 280 667 318 animos
687 293 787 317 acres
806 281 1004 330 oculosque
1023 282 1142 320 tulere

280 333 418 370 Cuncti
437 333 483 370 ad
500 333 668 383 reginam
687 333 824 370 Volsci.
879 334 989 371 Nihil
1007 334 1088 384 ipsa
1105 348 1224 385 neque
1243 349 1345 375 aurae

279 386 362 424 Nec
381 386 525 423 sonitus
544 399 698 432 memor,
718 388 784 423 aut
803 387 986 424 venientis
1006 388 1053 425 ab
1072 388 1210 426 aethere
1229 389 1318 427 teli:

279 439 406 476 Hasta
424 438 493 475 sub
512 441 697 476 exsertam
716 439 832 476 donec
851 439 995 489 perlata
1013 440 1189 490 papillam

279 492 421 538 Haesit,
440 491 715 541 virginiumque
734 492 808 529 alte
827 492 924 529 bibit
943 495 1026 530 acta
1044 506 1225 531 cruorem.

279 544 518 582 Concurrunt
536 544 690 594 trepidae
709 544 876 590 comites,
895 545 1158 595 dominamque
1176 549 1350 585 ruentem

279 597 509 647 Suscipiunt.
565 597 684 647 Fugit
703 600 790 634 ante
809 611 938 635 omnes
957 598 1157 636 exterritus
1177 600 1335 647 Arruns,

279 650 438 688 Laetitia
455 650 647 699 mixtoque
666 653 793 697 metu;
821 664 890 688 nec
902 651 981 701 jam
1002 652 1161 701 amplius
1180 652 1300 690 hastae

281 703 449 749 Credere,
468 716 535 740 nec
554 703 640 740 telis
660 716 829 740 ocurrere
847 703 1003 753 virginis
1024 704 1149 742 audet.

279 757 336 793 Ac
354 756 459 794 velut
478 756 549 803 ille,
568 756 670 806 prius
690 769 800 805 quam
819 756 895 793 tela
912 757 1063 794 inimica
1081 760 1295 807 sequantur,

280 809 469 847 Continuo
488 809 527 846 in
545 811 693 846 montes
713 822 790 846 sese
810 809 915 846 avius
935 810 1079 847 abdidit
1099 810 1206 858 altos,

280 862 411 899 Occiso
429 864 588 912 pastore,
607 861 728 911 lupus,
747 875 932 911 magnove
945 862 1118 912 juvenco,

279 914 458 952 Conscius
477 914 625 952 audacis
644 915 745 960 facti,
764 915 993 965 caudamque
1011 916 1218 953 remulcens

279 968 446 1018 Subjecit
464 968 698 1018 pavitantem
716 970 836 1013 utero,
856 968 1039 1017 silvasque
1057 969 1214 1018 petivit:

278 1021 397 1058 Haud
415 1034 518 1058 secus
538 1034 583 1058 ex
601 1021 717 1058 oculis
737 1034 774 1058 se
793 1021 966 1059 turbidus
986 1021 1142 1058 abstulit
1161 1023 1319 1068 Arruns,

279 1073 564 1123 Contentusque
582 1074 673 1123 fuga
690 1073 821 1110 mediis
841 1087 879 1111 se
897 1074 1104 1111 immiscuit
1123 1075 1246 1112 armis.

279 1126 352 1164 Illa
370 1140 484 1164 manu
502 1126 663 1164 moriens
682 1127 801 1164 telum
819 1127 939 1164 trahit
954 1144 961 1164 :
991 1140 1073 1164 ossa
1091 1128 1156 1165 sed
1174 1128 1273 1166 inter

279 1180 438 1217 Ferreus
457 1179 503 1217 ad
522 1182 643 1217 costas
663 1179 740 1217 alto
759 1182 837 1216 stat
855 1180 1006 1217 vulnere
1025 1194 1166 1218 mucro.

279 1232 440 1270 Labitur
459 1233 655 1282 exsanguis
671 1249 678 1278 ;
706 1233 885 1269 labuntur
903 1233 1040 1283 frigida
1058 1233 1132 1270 leto

277 1285 463 1331 Lumina3
490 1299 696 1335 purpureus
717 1285 905 1334 quondam
924 1286 1023 1323 color
1043 1299 1108 1322 ora
1124 1285 1289 1335 reliquit.

278 1338 378 1375 Tum
397 1339 448 1375 sic
467 1338 656 1387 exspirans
675 1338 826 1383 Accam,
845 1351 890 1375 ex
908 1338 1112 1388 aequalibus
1130 1352 1256 1385 unam,

278 1391 507 1441 Alloquitur,
526 1391 601 1428 fida
620 1393 706 1428 ante
726 1391 815 1427 alias
835 1404 916 1440 quae
935 1391 1013 1428 sola
1032 1390 1209 1438 Camillae,

279 1444 440 1490 Quicum
459 1444 590 1493 partiri
609 1457 736 1489 curas3
765 1446 877 1493 atque
896 1443 978 1481 haec
997 1444 1053 1480 ita
1071 1444 1192 1481 fatur:

278 1499 299 1516 “
315 1497 526 1542 Hactenus,
545 1497 646 1533 Acca
664 1509 778 1541 soror,
797 1496 926 1545 potui3
953 1509 1052 1533 nunc
1071 1497 1208 1534 vulnus
1227 1497 1402 1534 acerbum

278 1549 449 1596 Conficit,
469 1552 507 1586 et
525 1549 689 1586 tenebris
707 1549 925 1598 nigrescunt
944 1549 1070 1585 omnia
1087 1549 1238 1586 circum.

277 1603 427 1652 Effuge,
447 1604 485 1639 et
503 1602 584 1639 haec
603 1601 731 1638 Turno
751 1601 929 1638 mandata
945 1601 1149 1639 novissima
1165 1602 1306 1652 perfer:

278 1655 462 1693 Succedat
480 1668 619 1704 pugnae
639 1654 892 1704 Trojanosque
911 1656 1034 1692 arceat
1053 1655 1155 1692 urbe.

279 1708 442 1758 Jamque
460 1707 580 1745 vale.”
637 1707 757 1744 Simul
775 1707 834 1744 his
854 1707 964 1745 dictis
982 1707 1175 1756 linquebat
1192 1707 1367 1755 habenas,

277 1762 341 1798 Ad
357 1764 498 1798 terram
516 1774 593 1798 non
610 1763 744 1809 sponte
762 1760 893 1798 fluens.
947 1760 1047 1797 Tum
1064 1760 1201 1810 frigida
1217 1762 1302 1798 toto

279 1814 472 1851 Paulatim
491 1813 649 1851 exsolvit
669 1827 706 1850 se
726 1826 889 1863 corpore,
907 1813 1083 1862 lentaque
1102 1813 1196 1851 eolla

278 1867 334 1903 Et
353 1869 506 1916 captum
523 1866 601 1904 leto
619 1866 746 1916 posuit
765 1868 889 1916 caput,
909 1879 1012 1903 arma
1029 1866 1262 1915 relinquens3

277 1919 441 1970 Vitaque
460 1932 546 1957 cum
564 1919 711 1969 gemitu
729 1919 829 1968 fugit
847 1919 1044 1969 indignata
1062 1919 1131 1956 sub
1151 1919 1314 1957 umbras.

277 1972 377 2009 Tum
395 1986 481 2010 vero
499 1973 703 2010 immensus
723 1985 878 2022 surgens
896 1972 983 2009 ferit
1002 1985 1068 2008 aur
1069 1985 1112 2009 ea
1130 1972 1269 2010 clamor

277 2025 427 2071 Sidera;
455 2025 599 2075 dejecta
617 2025 802 2062 crudescit
820 2038 949 2075 pugna
967 2024 1145 2071 Camilla3

277 2077 486 2115 Incurrunt
505 2078 609 2116 densi
628 2077 741 2115 simul
759 2077 880 2115 omnis
901 2077 1006 2128 copia
1025 2078 1224 2124 Teucrum,

278 2130 537 2181 Tyrrhenique
556 2131 679 2177 duces,
699 2131 940 2180 Evandrique
959 2131 1123 2169 Arcades
1142 2130 1222 2168 alae.

329 2184 385 2220 At
405 2183 544 2221 Triviae
564 2186 690 2221 custos
702 2183 954 2233 jamdudum
946 2196 985 2220 m
1003 2184 1197 2220 montibus
1217 2182 1307 2232 Opis

277 2236 371 2273 Alta
389 2237 493 2273 sedet
512 2237 680 2282 summis,
696 2238 915 2286 spectatque
933 2236 1106 2273 interrita
1123 2248 1280 2286 pugnas.

277 2289 407 2338 thue
425 2289 555 2338 procul
572 2289 695 2327 medio
708 2289 893 2339 juvenum
912 2288 951 2325 in
971 2289 1131 2326 clamore
1149 2289 1343 2326 furentum

276 2342 370 2379 Pros
372 2342 475 2392 pexit
493 2342 598 2379 tristi
615 2342 817 2379 multatam
835 2344 958 2379 morte
977 2341 1186 2387 Camillam,

275 2394 544 2467 Ingemuitque
563 2395 738 2455 deditque
757 2394 852 2431 has
842 2407 919 2432 11110
938 2397 1087 2444 pectore
1104 2407 1234 2432 voces:

276 2448 402 2485 “Heu
419 2448 590 2494 nimium,
609 2448 728 2499 virgo,
747 2447 907 2484 nimium
925 2447 1072 2485 crudele
1089 2447 1195 2484 luisti

277 2500 522 2550 Supplicium,
540 2501 700 2539 Teucros
719 2503 854 2538 conata
871 2500 1046 2538 lacessere
1064 2500 1182 2538 bello!

275 2553 358 2590 Nec
377 2554 448 2590 tibi
467 2554 652 2591 desertae
642 2568 682 2591 m
701 2553 824 2591 dumis
843 2553 998 2591 coluisse
1017 2553 1181 2590 Dianam

275 2606 438 2654 Profuit,
457 2609 524 2645 aut
541 2609 690 2646 nostras
709 2607 866 2645 humero
884 2606 1042 2657 gessisse
1059 2606 1266 2657 pharetras-
