1705 2744
239 115 314 152 152
646 126 680 151 P.
701 123 887 151 VIRGILII
906 123 1094 151 mnoms

240 219 318 256 Hic
337 219 451 264 canit,
471 221 510 256 ct
527 221 596 256 tua
614 232 682 256 nos
702 232 748 256 en
766 218 868 256 ultro
887 219 935 256 ad
952 219 1083 256 limina
1101 219 1237 257 mittit.

239 273 323 310 Nos
342 274 392 317 tc,
415 272 607 309 Dardania
624 272 786 317 incensa,
805 275 945 321 tuaque
964 286 1068 309 arma
1087 273 1217 317 secuti,

239 325 323 363 Nos
342 325 534 362 tumidum
553 325 623 362 sub
642 328 682 362 te
700 325 886 375 permensi
905 325 1084 363 classibus
1103 338 1241 375 aequor,

239 378 349 415 Idem
368 380 547 415 venturos
566 378 743 415 tollemus
762 378 802 415 in
821 380 923 415 astra
940 381 1107 428 nepotes,

239 431 521 481 Imperiumque
540 431 624 468 urbi
644 431 828 468 dabimus,
884 431 943 468 Tu
962 431 1101 468 moenia
1120 431 1268 481 magnis

238 484 383 534 Magna
402 497 501 534 para,
520 483 752 533 longumque
770 484 871 534 fugae
891 497 938 521 ne
956 484 1083 534 linque
1100 484 1277 522 laborem.

237 537 438 574 Mutandae
458 537 573 574 sedes.
629 537 719 574 Non
738 537 819 573 haec
837 537 909 573 tibi
927 537 1039 574 litora
1057 537 1176 574 suasit

237 590 382 636 Delius,
402 593 468 627 aut
488 589 610 628 Cretae
625 590 740 640 jussit
760 590 961 636 considere,
981 590 1130 639 Apollo.

239 643 312 680 Est
330 643 446 688 locus,
467 643 692 693 Hesperiam
713 642 818 680 Graii
836 643 1059 693 cognomine
1078 643 1232 680 dicunt:

238 696 355 733 Terra
372 696 539 745 antiqua,
558 699 692 746 potens
711 696 836 741 armis,
855 698 968 746 atque
987 696 1101 733 ubere
1119 696 1262 746 glebae3

238 749 391 786 OEnotri
410 749 554 786 coluere
572 749 666 795 viri3
693 763 794 786 nunc
812 749 922 796 fama,
942 749 1105 787 minores

237 802 391 839 Italiam
410 802 546 840 dixisse
566 802 670 839 ducis
689 802 734 839 de
753 802 905 840 nomine
924 804 1090 852 gentem.

237 855 314 892 Hae
334 855 442 893 nobis
461 855 620 906 propriae
640 856 766 902 sedes3
793 855 883 893 hinc
902 855 1104 893 Dardanus
1123 857 1241 901 ortus,

236 907 433 958 Iasiusque
451 911 570 958 pater,
590 922 709 958 genus
729 922 751 945 a
769 922 843 958 quo
862 908 1030 958 principe
1048 910 1234 945 nostrum.

236 960 357 1012 Surge
376 975 456 1012 age,
476 965 515 999 et
533 962 614 999 haec
633 962 744 999 laetus
763 962 935 1012 longaevo
955 961 1057 999 dicta
1074 961 1222 1011 parenti

235 1014 355 1051 Haud
373 1015 582 1052 dubitanda
599 1016 716 1052 refer:
747 1015 961 1065 Corythum
978 1017 1172 1064 terrasque
1190 1013 1355 1065 requirat

235 1068 436 1105 Ausonias.
492 1068 642 1106 Dictaea
660 1071 776 1118 negat
794 1068 866 1105 tibi
886 1068 1041 1118 Jupiter
1059 1068 1172 1105 arva.’

236 1120 389 1158 Talibus
409 1121 598 1159 attonitus
616 1121 706 1158 visis
725 1135 767 1159 ac
786 1134 876 1159 voce
895 1121 1116 1167 deorum,—

234 1173 317 1212 Nec
337 1188 447 1224 sopor
465 1175 562 1212 illud
581 1177 683 1220 erat;
712 1175 776 1212 sed
796 1188 921 1212 coram
940 1187 1141 1224 agnoscere
1159 1174 1299 1219 vultus,

234 1226 462 1277 Velatasque
481 1241 617 1274 comas,
636 1228 910 1278 praesentiaque
929 1241 993 1265 ora
1011 1227 1186 1273 videbar3

233 1279 332 1317 Tum
352 1281 499 1331 gelidus
517 1284 602 1318 toto
621 1281 799 1318 manabat
818 1294 970 1330 corpore
989 1281 1102 1317 sudor
1114 1297 1177 1318 2——

233 1332 404 1384 Corripio
423 1348 442 1371 e
462 1335 592 1371 stratis
612 1348 756 1384 corpus,
775 1334 964 1383 tendoque
984 1333 1135 1383 supinas

232 1387 294 1423 Ad
313 1387 451 1425 coelum
470 1401 556 1425 cum
575 1401 665 1426 voce
683 1401 830 1433 manUS,
851 1389 889 1424 et
908 1400 1065 1424 munera
1082 1387 1158 1424 libo

232 1439 468 1478 Intemerata
486 1441 590 1478 focis.
646 1441 819 1478 Perfecto
838 1440 949 1477 laetus
968 1440 1110 1477 honore

231 1493 425 1531 Anchisen
443 1494 539 1531 facio
558 1495 715 1539 certum,
734 1507 887 1543 remque
905 1493 1034 1530 ordine
1052 1492 1189 1542 pando.

230 1547 403 1595 Agnovit
422 1547 566 1596 prolem
585 1547 800 1597 ambiguam
819 1546 1063 1597 geminosque
1082 1547 1267 1595 parentes,

231 1600 352 1649 Seque
371 1614 469 1637 novo
488 1602 660 1638 veterum
680 1600 880 1649 deceptum
898 1612 1019 1637 errore
1038 1599 1218 1636 locorum.

231 1652 332 1689 Tum
351 1656 558 1691 memorat:
580 1657 588 1672 ⁶
604 1654 719 1698 Nate,
739 1653 864 1690 Iliacis
883 1652 1044 1690 exercite
1062 1652 1162 1697 fatis,

233 1705 319 1742 Sola
338 1706 432 1743 mihi
451 1706 546 1743 tales
565 1719 671 1743 casus
691 1706 899 1743 Cassandra
917 1706 1086 1743 canebat.

230 1758 345 1796 Nune
364 1762 505 1809 repeto,
525 1760 603 1797 haec
622 1759 751 1809 generi
769 1759 992 1809 portendere
1012 1757 1139 1795 debita
1157 1760 1300 1803 nostro,

230 1811 285 1848 Et
305 1826 404 1862 saepe
425 1813 662 1862 Hesperiam,
682 1825 781 1862 saepe
800 1813 901 1849 Itala
918 1825 1034 1862 regna
1051 1824 1196 1848 vocare.

231 1864 304 1901 Sed
323 1866 406 1914 quis
426 1866 473 1902 ad
492 1866 686 1916 Hesperiae
705 1868 886 1903 venturos
904 1865 1019 1902 litora
1037 1865 1200 1902 Teucros

231 1917 440 1955 Crederet?
469 1922 535 1955 aut
556 1933 667 1969 quem
686 1921 771 1956 tum
790 1922 895 1956 vates
916 1918 1126 1955 Cassandra
1143 1916 1343 1954 moveret?

231 1970 416 2007 Cedamus
436 1971 594 2017 Pha—bo,
615 1975 652 2009 et
672 1972 810 2009 moniti
829 1972 983 2009 meliora
1002 1970 1226 2020 sequamur.’

230 2023 290 2060 Sic
310 2023 385 2060 ait:
415 2027 453 2061 et
473 2025 599 2061 cuncti
619 2025 721 2062 dicto
740 2039 914 2075 paremus
934 2027 1101 2062 ovantes.

230 2076 344 2113 Hanc
364 2090 510 2126 quoque
529 2078 733 2114 deserimus
753 2078 890 2123 sedem,
910 2077 1110 2127 paucisque
1129 2075 1269 2113 relictis

228 2129 323 2166 Vela
342 2130 485 2175 damus,
506 2133 731 2180 vastumque
750 2144 840 2167 cava
858 2131 965 2167 trabe
984 2129 1168 2166 currimus
1190 2143 1329 2179 aequor.

280 2185 301 2201 “
315 2182 524 2232 Postquam
543 2183 664 2220 altum
683 2186 837 2220 tenuere
855 2186 966 2228 rates,
986 2196 1053 2219 nec
1067 2183 1148 2231 jam
1168 2183 1327 2232 amplius
1347 2183 1432 2221 ullae

228 2236 424 2285 Apparent
444 2238 562 2282 terrae,
583 2236 720 2273 coelum
739 2236 904 2286 midique
923 2238 962 2273 et
981 2235 1146 2284 undique
1165 2239 1327 2285 pontus;

228 2289 329 2325 Tum
348 2289 442 2326 mihi
461 2289 643 2326 caeruleus
663 2303 775 2339 supra
794 2291 907 2338 caput
927 2288 1078 2325 adstitit
1098 2288 1228 2334 imber,

227 2342 395 2379 Noctem
413 2342 650 2392 hiememque
668 2343 801 2388 ferens,
821 2345 860 2379 et
878 2342 1068 2379 inhorruit
1088 2342 1190 2379 unda
1207 2342 1384 2380 tenebris.

229 2395 421 2433 Continuo
439 2395 546 2433 venti
563 2396 724 2433 volvunt
743 2408 857 2441 mare,
876 2408 1087 2445 magnaque
1107 2398 1270 2445 surgunt

227 2448 415 2498 AEquora3
445 2448 599 2498 dispersi
613 2449 803 2499 jactamur
821 2448 973 2498 gurgite
991 2450 1112 2485 vasto.

227 2501 427 2539 Involvere
446 2502 544 2539 diem
564 2502 695 2548 nimbi,
715 2505 754 2539 et
772 2515 847 2539 nox
865 2501 1023 2538 humida
1041 2501 1179 2538 coelum

225 2555 422 2601 Abstulit;
449 2555 687 2605 ingeminant
707 2555 876 2605 abruptis
896 2554 1059 2592 nubibus
1078 2554 1196 2605 ignes.

224 2607 452 2646 Excutimm·
471 2622 592 2655 cursu,
613 2611 651 2647 et
671 2609 777 2646 caecis
797 2622 963 2646 erramus
982 2607 1021 2645 in
1040 2608 1164 2645 undis.
