1705 2744
593 117 782 145 AENEIDOS
801 117 884 144 LIB.
905 118 972 144 ΠΙ.

156 214 250 260 Nos,
270 213 393 264 patria
409 213 570 259 incensa,
590 212 736 250 diversa
752 226 819 263 per
836 226 987 263 aequora
1003 215 1134 259 vectae,

157 267 294 317 Stirpis
312 266 495 304 Achilleae
515 266 635 303 fastus
648 266 901 316 juvenemque
920 266 1134 316 superbum,

157 320 319 358 Servitio
338 320 471 365 enixae,
489 319 671 365 tulimus3
700 319 763 368 qui
783 319 927 365 deinde,
947 322 1098 356 secutus

157 372 336 410 Ledaeam
355 372 606 410 Hermionem
624 372 1005 422 Lacedaemoniosque
1023 373 1254 423 hymenaeos,

155 426 224 464 Me
242 426 383 463 famulo
402 425 656 475 famulamque
675 425 825 463 Heleno
843 425 1056 463 transmisit
1074 426 1299 464 habendam.

155 480 231 516 Ast
248 479 368 525 illum,
387 481 526 529 ereptae
545 492 684 528 magno
702 478 959 516 inflammatus
979 492 1104 516 amore

156 531 350 583 Conjugis,
369 534 408 569 et
427 532 608 569 scelerum
627 532 752 569 Furiis
772 532 951 582 agitatus,
972 532 1123 570 Orestes

155 585 311 635 Excipit
329 585 537 631 incautum,
555 585 769 635 patriasque
788 586 991 622 obtruncat
1011 585 1059 622 ad
1077 599 1169 623 aras.

155 638 286 676 Morte
305 638 548 688 Neoptolemi
566 652 769 688 regnorum
787 638 935 676 reddita
953 639 1064 675 cessit

156 691 249 729 Pars
269 692 431 738 Heleno,
451 691 517 741 qui
536 691 724 729 Chaonios
743 691 967 741 cognomine
986 705 1148 741 campos,

156 744 438 795 Chaoniamque
457 758 607 782 omnem
627 744 789 795 Trojano
809 758 831 781 a
849 744 1002 782 Chaone
1021 745 1129 790 dixit,

156 798 415 848 Pergamaque
435 798 664 847 Iliacamque
678 797 781 848 jugis
800 797 897 835 hanc
916 798 1061 835 addidit
1084 812 1219 835 arcem.

155 851 229 888 Sed
248 851 321 888 tibi
340 851 404 901 qui
423 864 574 888 cursum
592 851 708 896 venti,
729 864 809 900 quae
828 851 908 888 fata
926 850 1090 888 dedere?

155 905 237 941 Aut
257 905 429 954 quisnam
446 904 621 954 ignarum
640 904 779 941 nostris
798 904 888 941 deus
909 905 1054 954 appulit
1075 905 1147 941 oris
1163 904 1179 942 P

155 957 256 1004 Quid
273 971 365 1007 puer
383 957 567 994 Ascanius
582 957 599 995 P
654 957 874 1007 Superatne,
894 960 933 995 et
951 958 1116 995 vescitur
1135 971 1225 995 aura
1240 956 1257 995 ⁴?

154 1010 276 1056 Quem
294 1011 367 1048 tibi
379 1010 460 1060 jam
478 1010 643 1060 Troja—

154 1063 286 1113 Ecqua
304 1066 434 1101 tamen
452 1077 566 1113 puero
586 1067 644 1101 est
663 1063 808 1100 amissae
827 1077 915 1100 cura
932 1064 1099 1114 parentis
1114 1064 1131 1101 Ρ

155 1117 304 1166 Ecquid
321 1117 361 1153 in
381 1117 577 1167 antiquam
595 1117 779 1154 virtutem
798 1117 1015 1167 animosque
1033 1117 1159 1154 viriles

154 1170 210 1207 Et
228 1173 336 1220 pater
354 1170 493 1207 AEneas
513 1173 552 1208 et
571 1170 778 1208 avunculus
797 1171 938 1207 excitat
958 1170 1106 1208 Hector
1120 1170 1150 1208 '?’

208 1223 349 1260 “Talia
366 1223 548 1261 fundebat
565 1224 776 1270 lacrimans,
794 1223 1001 1274 longosque
1020 1224 1142 1261 ciebat

155 1276 352 1314 Incassum
370 1277 481 1314 fletus
499 1293 507 1322 3
535 1291 653 1327 quum
672 1291 750 1315 sese
770 1290 792 1314 a
809 1277 996 1314 moenibus
1013 1277 1124 1314 heros

155 1328 364 1367 Priamides
383 1330 514 1367 multis
534 1330 705 1368 Helenus
725 1330 995 1368 comitantibus
1015 1331 1136 1376 affert,

154 1383 414 1433 Agnoscitque
433 1397 530 1430 suos,
549 1384 731 1434 laetusque
750 1384 798 1420 ad
814 1384 946 1421 limina
965 1384 1082 1429 ducit,

155 1435 211 1473 Et
228 1436 396 1473 multum
413 1436 583 1474 lacrimas
602 1438 716 1475 verba
734 1437 834 1475 inter
852 1437 1001 1487 singula
1018 1437 1157 1474 fundit.

156 1488 335 1536 Procedo,
355 1492 394 1527 et
411 1503 566 1540 parvam
585 1490 750 1541 Trojam,
770 1491 1019 1541 simulataque
1037 1490 1186 1541 magnis

156 1541 353 1591 Pergama,
373 1545 412 1580 et
430 1546 600 1581 arentem
618 1544 768 1581 Xanthi
787 1545 1011 1594 cognomine
1029 1545 1155 1581 rivum

155 1595 344 1644 Agnosco,
365 1596 548 1646 Scaeaeque
566 1597 773 1647 amplector
791 1597 924 1634 limina
941 1600 1072 1647 portae.

156 1646 239 1684 Nec
257 1661 335 1685 non
353 1651 392 1685 et
410 1649 546 1687 Teucri
564 1650 663 1687 socia
681 1650 794 1687 simul
812 1651 904 1688 urbe
922 1651 1123 1688 fruuntur:

155 1699 250 1737 Illos
268 1701 474 1750 porticibus
492 1716 558 1740 rex
576 1703 781 1753 accipiebat
799 1703 840 1740 in
859 1704 1004 1753 amplis.

155 1753 268 1790 Aulai
286 1753 327 1790 in
345 1754 468 1792 medio
486 1755 656 1793 libabant
674 1757 810 1806 pocula
828 1757 982 1802 Bacchi,

155 1805 352 1856 Impositis
372 1821 461 1845 auro
481 1808 650 1858 dapibus,
667 1812 890 1859 paterasque
907 1810 1100 1847 tenebant.

208 1863 229 1878 “
243 1859 407 1910 Jamque
426 1861 515 1907 dies,
534 1861 702 1912 alterque
722 1863 799 1899 dies
818 1863 1022 1912 processit;
1051 1867 1089 1900 et
1108 1876 1207 1899 aurae

154 1912 249 1950 Vela
266 1916 416 1960 vocant,
429 1914 652 1964 tumidoque
670 1915 824 1952 inflatur
843 1916 1017 1953 carbasus
1036 1918 1176 1953 austro.

154 1965 231 2002 His
249 1969 377 2004 vatem
395 1967 594 2017 aggredior
612 1968 734 2014 dictis,
754 1982 796 2006 ac
813 1969 907 2006 talia
925 1983 1048 2019 quaeso
1063 1986 1070 2006 :

155 2022 164 2038 ‘
177 2018 403 2070 Trojugena,
422 2021 607 2070 interpres
627 2022 768 2068 divum,
789 2023 853 2072 qui
870 2023 1027 2059 numina
1046 2022 1194 2068 Phoebi,

155 2072 230 2118 Qui
247 2073 427 2123 tripodas,
447 2073 561 2111 Clarii
579 2074 718 2121 laurus,
738 2075 803 2125 qui
821 2075 942 2113 sidera
959 2075 1089 2121 sentis,

155 2125 210 2162 Et
229 2126 426 2163 volucrum
443 2127 604 2177 linguas,
624 2130 663 2165 et
681 2128 855 2178 praepetis
875 2129 1002 2166 omina
1018 2143 1167 2179 pennae,

156 2178 252 2216 Fare
271 2193 556 2230 age—namque
575 2194 727 2219 omnem
745 2195 897 2219 cursum
915 2182 1011 2219 mihi
1029 2195 1207 2233 prospera
1224 2182 1320 2219 dixit

155 2230 318 2282 Religio,
337 2235 376 2270 et
395 2234 524 2271 cuncti
541 2237 740 2272 suaserunt
758 2235 913 2273 numine
933 2235 1011 2272 divi

156 2282 312 2323 Italiam
329 2288 468 2336 petere,
487 2289 526 2324 et
544 2291 664 2325 terras
682 2290 832 2326 tentare
851 2291 1043 2339 repostas3

156 2337 243 2375 Sola
258 2352 402 2377 novum
421 2340 599 2391 dictuque
617 2341 721 2379 nefas
740 2342 915 2392 Harpyia
934 2342 1082 2380 Celaeno

157 2389 381 2442 Prodigium
399 2393 513 2439 canit,
533 2397 574 2432 et
591 2395 722 2432 tristes
742 2395 945 2433 denuntiat
963 2395 1048 2441 iras,

157 2442 441 2496 obscenamque
459 2447 734 2498 famem—quae
752 2449 874 2498 prima
890 2449 1056 2499 pericula
1071 2449 1153 2486 vito
1168 2448 1186 2487 Ρ

158 2496 330 2547 Quidque
348 2512 505 2549 sequens
523 2503 654 2538 tantos
672 2502 814 2551 possim
832 2516 1006 2552 superare
1023 2503 1168 2540 labores
1182 2501 1212 2540 θ’

157 2548 237 2587 Hic
255 2550 438 2599 Helenus,
458 2553 561 2591 caesis
578 2554 744 2604 primum
763 2555 809 2592 de
827 2569 930 2593 more
943 2555 1127 2605 juvencis,

158 2601 304 2642 Exorat
320 2618 451 2655 pacem
469 2607 611 2655 divum,
629 2608 822 2659 vittasque
839 2609 994 2647 resolvit

1342 109 1417 147 157
