1674 2775
598 129 787 156 AENEIDOS
807 130 877 155 LIB
883 148 890 155 .
910 129 1006 155 VIII.

164 225 232 262 Sin
251 225 414 275 aliquem
431 224 629 261 infandum
648 237 788 271 casum,
808 224 991 271 Fortuna,
1010 224 1177 270 minaris,

164 279 292 325 Nune,
311 292 333 316 o
352 291 452 315 nunc
471 278 583 315 liceat
602 278 791 315 crudelem
809 278 1030 327 abrumpere
1048 278 1180 324 vitam,

164 332 270 368 Dum
289 345 386 369 curae
405 331 602 381 ambiguae,
621 331 712 367 dum
732 344 814 380 spes
832 331 978 368 incerta
993 330 1125 377 futuri,

163 384 271 421 Dum
289 386 341 431 te,
360 397 443 421 care
461 397 566 434 puer,
587 397 672 421 mea
691 397 773 421 sera
791 386 830 421 et
850 383 929 421 sola
945 384 1133 434 voluptas,

164 437 375 487 Complexu
392 440 525 483 teneo;
553 437 704 487 gravior
722 450 769 474 ne
787 437 948 474 nuncius
967 450 1073 474 aures

162 490 388 527 Vulneret.'’
445 490 542 527 Haec
562 490 712 540 genitor
731 490 902 540 digressu
921 490 1023 527 dicta
1041 503 1215 540 supremo

165 543 368 581 Fundebat
383 559 390 581 ε
419 543 551 580 famuli
570 543 776 593 collapsum
794 543 834 580 in
852 545 956 580 tecta
974 544 1157 581 ferebant.

217 596 382 646 Jamque
401 596 492 634 adeo
511 596 653 634 exierat
670 596 791 646 portis
811 597 1002 646 equitatus
1022 596 1183 647 apertis;

163 650 304 687 AEneas
322 650 423 686 inter
440 650 581 699 primos
600 652 640 687 et
658 650 756 686 fidus
775 650 965 696 Achates3

163 703 260 740 Inde
279 703 343 740 alii
362 702 484 752 Trojae
502 716 694 752 proceres;
721 703 801 752 ipse
821 703 972 752 agmine
991 702 1116 740 Pallas

162 756 212 793 In
231 756 366 802 medio,
387 756 586 806 chlamyde
605 758 643 793 et
663 755 775 806 pictis
794 759 1017 806 conspectus
1036 756 1077 793 in
1095 755 1230 793 armis:

162 809 293 856 Qualis
312 809 378 846 ubi
397 809 525 847 occani
542 809 714 859 perfusus
734 809 886 846 Lucifer
904 809 1017 856 unda,

162 863 285 909 Quem
304 862 433 899 Venus
453 865 541 900 ante
560 862 651 899 alios
670 864 859 900 astrorum
878 863 1004 913 diligit
1022 862 1142 912 ignes,

161 915 318 952 Extulit
337 929 377 953 os
397 929 545 952 sacrum
564 916 670 962 coelo,
689 916 938 966 tenebrasque
956 916 1123 953 resolvit.

162 969 277 1006 Stant
295 969 438 1019 pavidae
457 969 497 1006 in
515 969 633 1006 muris
652 971 804 1015 matres,
824 969 1014 1018 oculisque
1033 971 1244 1019 sequuntur

161 1022 386 1059 Pulveream
404 1023 546 1059 nubem
564 1025 603 1059 et
622 1022 813 1072 fulgentes
834 1036 903 1060 aere
922 1026 1103 1060 catervas

161 1075 240 1113 Olli
257 1089 324 1125 per
343 1076 488 1121 dumos,
509 1089 582 1125 qua
600 1076 772 1125 proxima
790 1078 894 1113 meta
911 1076 1071 1122 viarum,

162 1129 317 1165 Armati
334 1129 512 1166 tendunt.
568 1128 610 1165 It
629 1129 780 1174 clamor,
800 1131 838 1166 et
858 1129 1008 1179 agmine
1026 1129 1127 1166 facto

165 1182 484 1231 Quadrupedante
503 1184 655 1232 putrem
675 1182 804 1219 sonitu
823 1183 948 1232 quatit
968 1182 1112 1232 unguJa
1130 1194 1317 1231 campum.

164 1235 239 1272 Est
258 1235 392 1285 ingens
411 1235 580 1285 gelidum
597 1235 704 1272 lucus
722 1249 837 1285 prope
858 1235 1005 1272 Caeritis
1025 1249 1186 1281 amnem,

164 1287 365 1338 Religione
383 1291 537 1338 patrum
556 1288 632 1325 late
652 1302 775 1334 sacer;
804 1289 971 1339 undique
990 1289 1102 1326 colles

164 1341 358 1379 Inclusere
377 1341 459 1379 cavi
478 1344 516 1378 et
536 1341 646 1391 nigra
663 1355 796 1379 nemus
816 1342 939 1380 abiete
958 1342 1130 1393 cingunt.

163 1394 317 1432 Silvano
336 1395 437 1432 fama
455 1397 513 1432 9513
531 1398 677 1432 veteres
697 1409 859 1433 sacrasse
879 1395 1070 1446 Pelasgos,

163 1449 355 1485 Arvorum
374 1448 591 1498 pecorisque
611 1449 691 1493 deo,
710 1449 913 1498 lucumque
933 1449 1118 1499 diemque,

164 1501 240 1547 Qui
258 1501 372 1550 primi
390 1502 484 1539 fines
503 1501 703 1551 aliquando
722 1502 887 1539 habuere
907 1502 1079 1540 Latinos.

163 1554 284 1591 Haud
301 1555 432 1604 procul
449 1555 538 1592 hinc
558 1555 706 1592 Tarcho
725 1557 764 1592 et
783 1555 973 1605 Tyrrheni
990 1558 1079 1592 tuta
1095 1554 1279 1592 tenebant

165 1606 300 1644 Castra
317 1607 420 1653 locis,
440 1608 611 1657 celsoque
631 1608 754 1645 omnis
773 1608 818 1645 de
838 1609 930 1645 colle
948 1608 1067 1645 videri

165 1659 193 1696 J
195 1673 257 1696 am
274 1662 426 1709 poterat
444 1661 554 1710 legio,
575 1663 613 1698 et
631 1661 719 1698 latis
737 1661 919 1698 tendebat
937 1662 977 1698 in
996 1661 1106 1698 arvis.

164 1712 257 1749 Huc
275 1715 384 1763 pater
403 1714 542 1751 AEneas
562 1716 601 1751 et
619 1714 717 1751 bello
736 1714 834 1751 lecta
847 1714 1030 1765 juventus

165 1765 393 1812 Succedunt,
412 1767 572 1816 fessique
592 1769 631 1804 et
650 1780 764 1817 equos
783 1770 822 1805 et
842 1781 997 1818 corpora
1015 1769 1161 1805 curant.

217 1820 273 1856 At
292 1819 422 1856 Venus
441 1820 617 1857 aetherios
635 1820 736 1857 inter
754 1820 824 1858 dea
842 1821 1001 1858 candida
1018 1821 1167 1858 nimbos

164 1871 279 1909 Dona
297 1873 418 1910 ferens
438 1873 590 1919 aderat3
618 1876 827 1922 natumque
846 1874 886 1910 in
904 1875 1001 1911 valle
1020 1874 1177 1912 reducta.

164 1925 223 1962 Ut
242 1926 373 1975 procul
392 1926 537 1975 egelido
558 1929 745 1964 secretum
764 1927 919 1964 flumine
937 1928 1046 1972 vidit,

163 1978 321 2016 Talibus
342 1979 457 2016 affata
476 1982 534 2016 est
554 1980 678 2026 dictis,
698 1993 811 2030 seque
831 1981 974 2018 obtulit
993 1981 1117 2018 ultro:

165 2034 187 2051 ‘⁶
200 2032 264 2068 En
283 2033 449 2081 perfecta
467 2033 542 2070 mei
560 2033 745 2083 promissa
764 2034 935 2084 conjugis
955 2037 1036 2072 arte

164 2084 350 2131 Munera,
378 2099 426 2122 ne
445 2099 534 2122 mox
553 2088 620 2123 aut
640 2086 862 2133 Laurentes,
882 2089 983 2127 nate.
1003 2088 1194 2137 superbos,

163 2138 246 2174 Aut
267 2152 390 2175 acrem
411 2139 561 2176 dubites
580 2139 620 2176 in
638 2140 770 2189 proelia
787 2153 939 2190 poscere
954 2140 1170 2178 Turnum.’'

164 2190 287 2237 Dixit,
308 2194 347 2229 et
366 2193 560 2242 amplexus
579 2193 662 2230 nati
682 2192 874 2243 Cytherea
890 2194 1051 2244 petivit3

164 2244 284 2281 Arma
303 2246 372 2283 sub
392 2246 548 2283 adversa
566 2246 694 2296 posuit
712 2246 901 2284 radiantia
919 2260 1069 2296 quercu.

166 2297 238 2334 Ille
258 2298 336 2335 deae
356 2299 463 2336 donis
483 2302 522 2336 et
541 2302 653 2337 tanto
671 2300 782 2337 laetus
800 2300 943 2338 honore

164 2350 323 2400 Expleri
341 2352 487 2402 nequit,
508 2355 621 2402 atque
641 2353 767 2391 oculos
787 2367 854 2404 per
873 2353 1024 2404 singula
1041 2353 1173 2399 volvit,

165 2402 420 2454 Miraturque,
440 2405 615 2456 interque
633 2420 768 2444 manus
788 2410 827 2444 et
846 2407 1001 2444 braehia-
1019 2411 1145 2444 versat

166 2456 391 2495 Terribilem
411 2459 536 2496 cristis
556 2460 703 2509 galeam
722 2460 968 2510 flammasque
987 2463 1218 2506 vomentem,

166 2508 456 2561 Fatiferumque
476 2525 616 2558 ensem,
635 2513 791 2550 loricam
814 2527 860 2551 ex
881 2527 954 2551 aere
973 2514 1174 2563 rigentem,

167 2561 435 2613 Sanguineam,
453 2565 650 2616 ingentem
666 2583 674 2612 3
704 2567 824 2616 qualis
845 2581 963 2616 quum
983 2567 1118 2604 caerula
1136 2565 1256 2603 nubes

167 2614 266 2653 Solis
285 2616 488 2656 inardescit
507 2619 621 2656 radiis
641 2619 828 2670 longeque
847 2620 1034 2670 refulget3

1357 120 1434 157 291
