1705 2744
175 95 226 131 48
557 105 592 131 P.
612 104 801 130 wnGILn
819 104 1010 131 MARoms

177 200 358 250 Populus,
379 202 417 238 et
437 199 572 250 glauca
591 199 765 237 canentia
784 199 915 237 fronde
936 199 1080 236 salicta.

178 254 272 291 Pars
292 257 420 291 autem
440 254 564 303 posito
584 256 747 303 surgunt
768 253 813 290 (le
833 253 996 299 semine3
1027 256 1070 290 ut
1090 253 1178 290 altae

178 307 386 353 Castaneae,
406 320 677 356 nemorumque
698 306 725 343 J
727 307 789 344 ovi
808 320 892 356 quae
911 306 1076 343 maxima
1095 307 1246 345 frondet

181 361 370 406 AEsoulus
391 363 505 410 atque
524 360 666 397 habitae
686 360 810 397 Graiis
831 360 981 397 oracula
1001 373 1170 409 quercus.

179 414 352 452 Pullulat
372 414 418 451 ab
437 414 560 451 radice
580 413 660 450 aliis
680 413 903 450 densissima
922 413 1036 450 silva:

179 469 238 505 Ut
258 468 392 506 cerasis
411 467 619 516 ulmisque3
648 466 764 503 etiam
784 466 965 503 Parnasia
983 466 1110 504 laurus
1162 500 1165 501 γ

180 522 306 559 Parva
325 522 394 558 sub
414 521 563 571 ingenti
582 519 715 557 matris
736 533 774 556 se
795 519 948 569 subjicit
968 520 1114 557 umbra.

180 575 267 613 Hos
286 578 423 612 natura
443 574 573 611 modos
593 573 758 623 primum
779 572 906 618 dedit3
936 572 994 609 his
1016 586 1136 623 genus
1156 587 1267 612 omne

182 629 370 666 Silvarum
390 628 645 677 fruticumque
664 626 762 664 viret
782 639 1055 676 nemorumque
1075 640 1279 665 sacrorum.

236 682 334 719 Sunt
354 681 427 727 alii,
449 694 541 731 quos
560 680 639 730 ipse
658 680 719 716 via
738 679 809 716 sibi
827 679 966 729 reperit
987 693 1088 717 usus.

182 736 261 773 Hic
280 736 429 785 plantas
448 737 578 772 tenero
599 733 819 770 abscindens
840 733 885 770 de
905 746 1058 782 corpore
1078 736 1246 772 matrum

182 789 372 839 Deposuit
391 788 526 833 sulcis;
558 787 620 824 hic
640 787 776 836 stirpes
795 786 923 824 obruit
943 799 1044 833 arvo,

184 842 495 891 Quadrifidasque
515 841 636 887 sudes,
656 844 695 877 et
715 842 826 877 acuto
846 840 978 877 robore
997 840 1138 887 vallos3

184 897 446 945 Silvarumque
466 895 546 932 aliae
566 908 713 944 pressos
732 893 950 943 propaginis
971 907 1078 931 arcus

183 950 423 999 Exspectant
442 951 481 986 et
501 948 587 985 viva
606 961 673 984 sua
691 947 879 998 plantaria
896 949 1010 984 terra.

184 1003 255 1041 Nil
274 1003 408 1040 radicis
428 1004 542 1052 egent
562 1001 645 1038 aliae
663 1017 671 1047 3
701 1014 967 1049 summumque
987 1002 1144 1050 putator

185 1057 304 1094 Haud
324 1056 476 1093 dubitat
496 1058 608 1093 terrae
629 1054 792 1092 referens
814 1054 992 1091 mandare
1012 1068 1204 1100 cacumen,

187 1111 286 1157 Quin
308 1112 347 1147 et
367 1109 582 1147 caudicibus
603 1108 727 1154 sectis,
747 1107 917 1144 mirabile
937 1107 1056 1155 dictu,

186 1164 372 1201 Truditur
391 1176 410 1200 e
430 1163 527 1200 sicco
547 1162 653 1199 radix
672 1161 845 1211 oleagina
863 1161 981 1210 ligno.

186 1218 242 1255 Et
262 1230 359 1267 saepe
379 1216 533 1253 alterius
552 1229 676 1252 ramos
695 1215 850 1264 impune
870 1214 1043 1251 videmus

186 1271 345 1308 Vertere
364 1270 402 1307 in
423 1269 577 1306 alterius
593 1285 600 1314 ;
628 1270 894 1316 mutatamque
914 1268 1030 1304 insita
1049 1267 1149 1304 mala

188 1325 304 1362 Ferre
323 1324 460 1374 pirum,
481 1325 519 1360 et
539 1321 670 1372 prunis
689 1321 858 1372 lapidosa
877 1321 1072 1358 rubescere
1092 1335 1217 1358 corna.

242 1378 367 1425 Quare
386 1377 489 1427 agite
509 1390 542 1422 o,
561 1375 732 1425 proprios
752 1375 963 1425 generatim
984 1374 1117 1411 discite
1138 1375 1275 1422 cultus,

188 1432 393 1482 Agricolae‚
414 1431 635 1479 fructusque
654 1429 753 1466 feros
773 1428 918 1465 mollite
938 1427 1116 1473 colendo3

189 1486 278 1523 Neu
298 1497 431 1535 segnes
445 1483 597 1534 jaceant
615 1484 738 1519 terrae.
794 1481 916 1518 Juvat
937 1481 1083 1518 Ismara
1103 1481 1255 1519 Baccho

190 1539 405 1583 Conserere,
426 1540 540 1586 atque
559 1536 640 1573 olea
659 1548 842 1585 magnum
860 1535 1000 1572 vestire
1020 1535 1254 1572 Taburnum.

190 1593 325 1642 Tuque
345 1592 443 1635 ades,
462 1590 732 1639 inceptumque
753 1602 828 1625 una
846 1588 999 1626 decurre
1018 1588 1198 1635 laborem,

192 1647 225 1684 O
246 1646 369 1690 decus,
391 1658 412 1682 o
432 1644 545 1681 famae
564 1643 702 1680 merito
721 1655 806 1692 pars
827 1642 992 1678 maxima
1010 1644 1163 1688 nostrae,

192 1700 395 1744 Maecenas,
415 1697 623 1747 pelagoque
643 1696 772 1733 volans
793 1696 840 1732 da
858 1695 941 1733 vela
959 1695 1120 1745 patenti.

192 1754 284 1790 Non
304 1766 375 1802 ego
396 1754 534 1788 cuncta
553 1749 645 1787 meis
665 1749 845 1799 amplecti
863 1749 1033 1786 versibus
1054 1751 1167 1798 opto3

193 1807 296 1851 Non,
317 1805 412 1842 mihi
433 1805 464 1842 si
482 1805 624 1854 linguae
643 1806 798 1841 centum
818 1802 907 1847 sint,
928 1816 1065 1852 oraque
1085 1804 1251 1848 centum,

195 1860 334 1897 Ferrea
353 1873 448 1896 vox:
479 1858 577 1903 ades,
598 1860 637 1894 et
656 1857 769 1907 primi
788 1856 871 1906 lege
891 1856 1013 1893 litoris
1032 1869 1149 1893 oram.

195 1913 244 1950 In
264 1913 438 1950 manibus
457 1914 591 1948 terrae:
621 1924 699 1947 non
726 1910 788 1947 hic
816 1912 856 1947 te
876 1909 1040 1947 carmine
1060 1909 1151 1946 ficto

194 1968 324 2016 Atque
344 1979 410 2016 per
429 1965 607 2014 ambages
627 1966 666 2001 et
685 1963 800 2013 longa
819 1977 949 2000 exorsa
967 1963 1117 2000 tenebo.

249 2020 393 2069 Sponte
413 2032 481 2055 sua
500 2031 584 2068 quae
606 2031 644 2054 se
663 2017 807 2054 tollunt
826 2016 867 2053 in
885 2016 1039 2053 luminis
1059 2029 1154 2060 oras,

195 2072 407 2110 Infecuuda
426 2071 591 2121 quidem,
611 2071 677 2108 sed
694 2071 786 2107 laeta
804 2072 843 2107 et
862 2069 977 2106 fortia
996 2070 1183 2119 surgunt3

196 2126 344 2175 Quippe
364 2125 444 2162 solo
464 2127 601 2161 natura
620 2124 761 2161 subest.
818 2123 963 2159 Tamen
982 2122 1066 2159 haec
1086 2134 1234 2170 quoque
1253 2120 1285 2158 si
1304 2120 1389 2171 quis

195 2178 358 2224 Inserat,
379 2181 446 2215 aut
465 2177 659 2215 scrobibus
678 2176 835 2214 mandet
854 2178 1006 2213 mutata
1024 2175 1201 2220 subactis,

195 2232 386 2270 Exuerint
405 2232 617 2268 silvestrem
637 2230 807 2267 animum
823 2246 831 2275 3
860 2229 1040 2279 cultuque
1059 2227 1249 2277 frequenti

197 2286 247 2323 In
267 2298 522 2336 quascumque
542 2297 651 2321 voces
671 2286 770 2320 artes
790 2282 893 2320 haud
912 2283 1022 2319 tarda
1040 2284 1256 2331 sequentur.

196 2340 281 2377 Nec
300 2353 377 2376 non
398 2341 436 2376 ct
456 2337 606 2383 sterilis,
626 2349 711 2387 quae
729 2336 911 2386 stirpibus
932 2336 1009 2373 exit
1030 2336 1076 2372 ab
1095 2335 1194 2381 imis,

198 2393 287 2430 Hoc
307 2392 431 2438 faciet,
451 2405 589 2428 vacuos
609 2391 640 2427 si
659 2390 710 2427 sit
729 2389 878 2440 digesta
897 2403 963 2439 per
982 2402 1115 2439 agros:

197 2447 316 2483 Nunc
336 2446 425 2482 altae
443 2445 593 2482 frondes
614 2446 653 2481 et
672 2443 768 2480 rami
786 2443 919 2480 matris
939 2444 1112 2493 opacant,

199 2499 467 2548 Crescentique
487 2498 662 2535 adimunt
681 2497 794 2543 fetus,
814 2499 1007 2547 uruntque
1026 2496 1225 2533 ferentem.

199 2553 303 2598 Jam,
323 2566 406 2602 quae
427 2551 632 2589 seminibus
647 2550 762 2601 jactis
782 2563 820 2587 se
841 2550 999 2587 sustulit
1019 2550 1141 2595 arbos,

199 2606 325 2644 Tarda
342 2605 460 2653 venit,
481 2605 571 2643 seris
590 2605 739 2642 factura
756 2603 959 2655 nepotibus
979 2603 1178 2648 umbram3
