1674 2775
543 114 734 141 AErmmos
753 113 837 140 ΠΒ.
858 113 897 140 X.
1284 104 1363 143 327

83 210 239 248 Italiam
256 209 346 248 fatis
364 209 477 260 petfit
497 209 906 247 auctoribus—esto—

83 264 304 301 Cassandrae
322 263 507 313 impulsus
526 263 646 300 furiis.
702 263 812 299 Num
830 262 1000 311 linquere
1020 264 1144 300 castra

83 317 247 355 Hortati
266 331 396 354 sumus
416 319 483 354 aut
502 316 623 353 vitam
643 316 886 353 committere
904 315 1031 353 ventis
1047 315 1064 353 P

83 370 193 407 Num
211 383 327 421 puero
347 383 535 407 summam
553 369 653 416 belli,
672 383 766 405 num
784 369 933 406 credere
952 382 1080 405 muros
1095 368 1113 407 P

84 423 371 474 Tyrrhenamve
390 424 503 461 fidem
523 426 590 460 aut
609 424 742 473 gentes
763 422 908 472 agitare
928 422 1074 472 quietas
1090 422 1108 460 Ρ

85 476 178 522 Quis
198 477 290 515 deus
308 477 349 514 in
367 477 549 523 fraudem,
570 489 654 526 quae
673 476 766 512 dura
783 475 958 526 potentia
975 475 1098 512 nostri

84 529 214 580 Egit?
269 530 348 568 Ubi
366 530 428 567 hic
448 530 476 567 J
478 544 565 575 uno,
586 529 794 567 demissave
812 529 977 566 nubibus
998 528 1072 566 Iris
1086 528 1105 567 P

84 583 298 634 Indignum
317 586 386 629 est,
407 583 529 620 Italos
548 583 703 633 Trojam
722 582 954 619 circumdare
972 582 1136 620 flammis

84 636 332 682 Nascentem,
352 639 391 674 et
409 637 534 686 patria
553 636 727 673 Turnum
746 635 950 673 consistere
968 637 1083 682 terra,

85 689 159 726 Cui
178 690 382 727 Pilumnus
402 704 505 736 avus,
525 690 587 727 cui
605 689 692 726 diva
712 689 860 726 Venilia
878 691 1013 726 mater.

86 743 199 790 Quid,
218 743 298 781 face
318 743 500 794 Trojanos
521 746 604 780 atra
621 743 700 779 vim
718 742 814 780 ferre
833 742 984 779 Latinis
1002 742 1019 780 P

85 798 191 834 Arva
209 797 330 834 aliena
342 797 438 847 jugo
457 809 636 847 premere,
656 798 770 845 atque
792 795 986 833 advertere
1005 795 1148 846 praedas
1164 795 1181 834 i>

86 849 199 896 Quid,
220 864 366 888 soceros
384 851 519 900 legere,
539 852 577 887 et
596 849 750 900 gremiis
770 849 953 886 abducere
972 852 1102 899 pactas
1118 848 1135 887 Ρ

86 902 228 940 Pacem
248 917 352 941 orare
371 917 498 949 manu,
517 903 715 953 praefigere
733 903 922 953 puppibus
942 902 1079 940 arma?

86 956 148 993 Tu
166 959 274 1006 potes
294 957 443 994 AEnean
461 957 635 993 manibus
655 956 861 993 subducere
882 956 1053 1002 Graium,

87 1009 238 1059 Proque
256 1010 338 1048 viro
357 1010 534 1048 nebulam
553 1012 592 1047 et
610 1012 746 1047 ventos
766 1010 970 1047 obtendere
988 1010 1118 1047 inanes
1133 1026 1141 1055 ;

87 1063 143 1101 Et
161 1066 270 1113 potes
289 1064 330 1100 in
347 1064 512 1101 totidem
531 1063 688 1101 classem
707 1066 925 1101 convertere
945 1063 1157 1113 nymphas:

87 1116 172 1154 Nos
192 1117 336 1166 aliquid
353 1117 522 1154 Rutulos
541 1119 674 1154 contra
687 1116 844 1167 juvisse,
862 1116 1071 1154 nefandum
1089 1120 1148 1154 est
1164 1115 1180 1153 P

87 1169 229 1207 AEneas
248 1171 402 1220 ignarus
423 1171 551 1208 abest:
580 1170 734 1221 ignarus
754 1172 792 1207 et
812 1170 923 1207 absit.

87 1223 164 1260 Est
185 1224 351 1273 Paphus,
372 1224 613 1274 Idaliumque
631 1223 715 1270 tibi,
735 1225 826 1260 sunt
845 1223 925 1260 alta
943 1222 1134 1273 Cythera:

89 1276 192 1323 Quid
210 1277 407 1327 gravidam
425 1277 533 1314 bellis
552 1277 685 1314 urbem
705 1279 744 1314 et
763 1276 876 1314 corda
895 1290 1025 1326 aspera
1043 1278 1171 1314 tentas
1187 1274 1204 1313 P

88 1330 222 1367 Nosne
241 1330 314 1368 tibi
331 1330 450 1367 fluxas
473 1330 651 1380 Phrygiae
670 1343 729 1367 res
748 1332 896 1367 vertere
914 1329 1032 1367 fundo

89 1382 314 1422 Conamur?
342 1397 411 1421 nos
429 1383 446 1422 P
475 1397 523 1421 an
541 1384 698 1421 miseros
719 1384 783 1433 qui
802 1383 920 1421 Troas
941 1382 1101 1420 Achivis

90 1436 273 1487 ObjecitP
302 1450 386 1487 quae
405 1451 517 1474 causa
534 1437 620 1483 fuit,
640 1450 866 1488 consurgere
885 1437 926 1473 in
946 1450 1051 1474 arma

90 1491 359 1540 Europamque
378 1491 596 1540 Asiamque,
616 1493 655 1528 et
673 1491 815 1528 foedera
834 1490 976 1528 solvere
995 1489 1131 1527 furto?

90 1544 160 1581 Me
179 1544 274 1581 duce
292 1544 509 1581 Dardanius
529 1544 707 1593 Spartam
725 1543 960 1594 expugnavit
980 1541 1160 1580 adulter?

90 1597 174 1634 Aut
194 1610 265 1647 ego
283 1597 361 1634 tela
380 1597 476 1643 dedi,
496 1597 621 1634 fovive
640 1597 827 1647 Cupidine
846 1595 976 1634 bella?

91 1650 193 1687 Tum
212 1650 340 1688 decuit
358 1650 539 1688 metuisse
558 1651 659 1696 tuis3
687 1664 788 1687 nunc
809 1663 889 1687 sera
909 1649 1069 1700 querelis

90 1704 212 1741 Haud
224 1704 341 1754 justis
361 1704 539 1754 assurgis,
559 1706 598 1741 et
617 1703 725 1741 irrita
738 1704 868 1754 jurgia
881 1703 1045 1754 jactas.”

145 1757 301 1794 Talibus
322 1758 453 1794 orabat
474 1757 500 1794 J
503 1771 601 1794 uno:
631 1758 833 1806 cunctique
851 1756 1065 1794 fremebant

92 1809 284 1848 Coelicolae
303 1824 458 1848 assensu
475 1811 591 1848 vario.
648 1810 729 1848 Ceu
746 1810 902 1847 flamina
919 1809 1043 1860 prima

92 1864 223 1911 Quum
243 1864 424 1914 deprensa
442 1864 612 1901 fremunt
631 1864 747 1910 silvis,
768 1866 807 1901 et
827 1876 923 1901 caeca
941 1862 1121 1900 volutant

91 1917 307 1963 Murmura,
326 1920 509 1955 venturos
527 1917 656 1954 nautis
674 1917 875 1967 prodentia
893 1919 1041 1953 ventos

92 1971 195 2008 Tum
213 1973 322 2021 pater
341 1973 593 2020 omnipotens,
611 1984 739 2008 rerum
759 1971 819 2008 cui
838 1983 988 2007 summa
1005 1970 1189 2019 potestaS,

93 2024 203 2062 Infit.
259 2025 319 2061 Eo
339 2024 488 2062 dicente
507 2024 620 2061 deum
639 2024 774 2061 domus
794 2024 872 2061 alta
890 2022 1053 2068 silescit3

93 2078 150 2115 Et
168 2078 394 2116 tremefacta
412 2078 491 2115 solo
510 2077 645 2124 tellus;
674 2077 761 2115 silet
781 2077 919 2114 arduus
938 2075 1081 2122 aether3

93 2131 196 2169 Tum
215 2131 372 2182 zephyri
389 2144 546 2182 posuere
563 2147 571 2178 3
598 2131 739 2181 premit
757 2130 905 2181 placida
923 2142 1073 2179 aequora
1090 2130 1244 2179 pontus.

94 2185 304 2235 “Accipite
323 2198 414 2235 ergo
433 2184 569 2222 animis
588 2187 703 2234 atque
721 2184 803 2222 haec
821 2197 906 2221 mea
924 2183 1034 2233 figite
1053 2182 1168 2220 dicta.

95 2238 413 2288 Quandoquidem
432 2238 622 2275 Ausonios
643 2237 823 2289 conjungi
841 2237 981 2275 foedere
1000 2235 1156 2273 Teucris

96 2292 216 2329 Haud
233 2291 384 2329 licitum
399 2309 407 2338 3
435 2305 503 2329 nec
521 2294 650 2329 Vestra
668 2291 769 2342 capit
789 2290 975 2328 discordia
991 2290 1128 2327 finem:

97 2344 192 2391 Quae
211 2345 345 2394 cuique
364 2348 423 2383 est
441 2345 597 2382 fortuna
614 2345 738 2391 hodie,
758 2358 873 2394 quam
892 2344 1050 2394 quisque
1069 2344 1172 2380 secat
1191 2354 1309 2391 spem,

97 2398 194 2436 Tros
212 2398 433 2436 Rutulusve
451 2399 546 2445 fuat,
566 2398 672 2436 nullo
692 2397 908 2435 discrimine
926 2397 1096 2443 habebo3

98 2451 173 2489 Seu
190 2452 280 2489 fatis
299 2451 446 2489 Italum
465 2454 589 2489 castra
607 2451 800 2489 obsidione
818 2453 1012 2496 tenentur,

98 2505 185 2542 Sive
205 2518 328 2542 errore
345 2505 446 2542 malo
465 2505 589 2556 Trojae
607 2505 838 2553 monitisque
857 2504 1033 2541 sinistris.

97 2558 182 2595 Nec
201 2557 370 2595 Rutulos
390 2558 506 2596 solvo.
563 2558 640 2595 Sua
659 2558 793 2608 cuique
812 2570 944 2595 exorsa
961 2557 1130 2594 laborem

100 2610 388 2662 Fortimamque
405 2611 540 2649 ferent.
596 2611 682 2649 Rex
701 2611 729 2648 J
731 2611 857 2662 upiter
875 2610 1051 2648 omnibus
1069 2609 1183 2646 idem.
