1674 2775
223 116 300 154 366
620 126 655 152 P.
675 124 863 151 moun
891 125 1080 152 MAuoms

224 224 245 241 “
259 221 383 267 Alma,
402 220 475 258 tibi
493 220 603 266 hanc,
622 233 820 258 nemorum
840 220 990 266 cultrix,
1010 220 1175 259 Latonia
1193 221 1312 272 virgo,

225 275 313 325 Ipse
332 277 440 325 pater
458 273 638 311 famulam
657 287 775 311 voveo
790 290 798 319 3
825 275 894 311 tua
911 274 1033 323 prima
1051 288 1117 324 per
1135 288 1244 312 auras

224 328 317 365 Tela
334 332 467 365 tenens
487 327 642 377 supplex
661 327 813 364 hostem
831 327 943 377 fugit.
999 327 1150 378 Accipe,
1169 330 1302 371 testor,

224 381 327 418 Diva
344 384 464 426 tuam,
484 394 566 430 quae
586 393 685 417 nunc
705 379 828 417 dubiis
848 380 1105 418 committitur
1123 381 1262 418 auris.”

225 434 348 479 Dixit,
369 436 407 471 et
427 434 591 470 adducto
611 435 832 471 contortum
849 433 987 470 hastile
1005 433 1146 471 lacerto

225 487 436 524 Immittit:
466 499 623 523 sonuere
641 487 754 523 undae
771 503 778 531 ς
806 486 980 536 rapidum
1000 500 1110 537 super
1129 501 1279 524 amnem

226 541 365 578 Infelix
384 540 485 590 fugit
504 540 543 576 in
556 539 682 590 jaculo
702 539 887 576 stridente
907 539 1075 577 Camilla.

224 594 280 631 At
300 594 493 639 Metabus,
512 606 651 643 magna
669 592 822 642 propius
835 592 916 642 jam
935 596 1096 643 urgente
1115 595 1276 637 caterva,

226 647 308 684 Dat
328 660 407 684 sese
426 646 552 692 fluvio,
573 649 686 695 atque
705 646 857 683 hastam
876 659 963 683 cum
981 646 1128 696 virgine
1146 647 1269 684 victor

227 700 430 737 Gramineo
451 700 593 737 donum
612 699 751 736 Triviae
771 699 816 736 de
836 699 976 749 cespite
995 699 1114 737 vellit.

226 753 319 791 Non
337 753 445 790 illum
464 753 577 790 tectis
595 752 697 798 ullae,
716 765 793 789 non
811 753 999 789 moenibus
1018 753 1128 790 urbes

226 807 427 856 Accepere,
446 819 566 856 neque
585 806 664 856 ipse
682 819 817 842 manus
836 805 988 843 feritate
1007 806 1193 852 dedisset3

227 860 432 897 Pastorum
452 862 491 897 et
511 859 598 896 solis
618 859 745 909 exegit
764 859 958 895 montibus
981 872 1117 897 aevum.

227 913 306 950 Hic
325 916 457 950 natam
476 913 515 949 in
535 912 659 949 dumis
678 912 853 962 interque
871 912 1065 950 horrentia
1083 913 1204 950 lustra

226 966 460 1003 Armentalis
480 979 583 1015 equae
602 965 778 1002 mammis
799 968 838 1002 et
855 965 953 1003 lacte
973 966 1091 1003 ferino

228 1019 429 1065 Nutribat,
448 1019 587 1056 teneris
606 1018 835 1068 immulgens
853 1019 969 1056 ubera
986 1019 1112 1056 labris.

226 1073 359 1122 thue
378 1073 517 1123 pedum
536 1072 666 1122 primis
684 1072 807 1109 infans
825 1072 988 1122 vestigia
1004 1073 1145 1122 plantis

226 1125 443 1172 Institerat,
457 1126 583 1176 jaculo
602 1125 747 1175 palmas
767 1125 938 1162 oneravit
958 1129 1082 1172 acuto,

227 1179 451 1229 Spiculaque
471 1193 515 1216 ex
533 1179 692 1216 humero
710 1191 834 1228 parvae
853 1179 1050 1228 suspendit
1069 1181 1108 1217 et
1127 1193 1267 1217 arcum.

227 1232 304 1270 Pro
325 1232 454 1270 crinali
474 1245 575 1279 auro,
597 1245 664 1282 pro
684 1231 807 1281 longae
825 1232 994 1282 tegmine
1013 1233 1131 1282 pallae,

227 1286 394 1336 Tigridis
415 1285 559 1322 exuviae
580 1298 647 1335 per
665 1285 819 1322 dorsum
839 1298 860 1321 a
878 1285 1018 1322 vertice
1037 1286 1215 1335 pendent.

226 1339 320 1376 Tela
338 1352 455 1375 manu
468 1339 548 1389 jam
568 1341 654 1375 tum
673 1343 804 1375 tenera
821 1338 978 1387 puerilia
997 1339 1123 1385 torsit,

227 1392 283 1429 Et
303 1392 460 1429 fundam
479 1391 593 1428 tereti
612 1391 753 1428 circum
773 1394 887 1440 caput
907 1391 986 1441 egit
1005 1392 1162 1437 habena,

227 1445 563 1495 Strymoniamque
583 1457 728 1494 gruem,
749 1446 815 1480 aut
835 1444 963 1481 album
982 1445 1118 1495 dejecit
1137 1445 1289 1483 olorem.

227 1498 370 1535 Multae
389 1498 494 1534 illam
514 1498 654 1534 frustra
673 1497 871 1547 Tyrrhena
889 1511 955 1547 per
974 1498 1111 1547 oppida
1128 1501 1269 1536 matres

227 1551 417 1601 Optavere
436 1564 596 1587 nurum:
626 1549 705 1587 sola
723 1552 904 1587 contenta
922 1550 1057 1596 Diana,

226 1604 433 1642 AEternum
451 1603 616 1641 telorum
635 1607 674 1641 et
692 1602 926 1653 virginitatis
946 1616 1113 1641 amorem

228 1658 466 1695 Intemerata
485 1657 587 1694 colit.
644 1656 825 1693 “Vellem
845 1656 947 1693 haud
966 1659 1139 1707 correpta
1156 1657 1290 1695 fuisset

227 1711 375 1749 Militia
392 1710 474 1756 tali,
495 1712 631 1747 conata
648 1709 827 1747 lacessere
847 1709 1010 1747 Teucros
1025 1727 1033 1756 3

228 1764 325 1802 Cara
343 1764 439 1801 mihi
458 1763 717 1812 comitumque
735 1763 833 1800 foret
852 1777 953 1800 nunc
972 1777 1048 1800 una
1066 1777 1247 1801 mearum.

227 1815 371 1855 Verum
390 1830 472 1867 age,
493 1816 797 1866 quandoquidem
817 1816 905 1853 fatis
925 1824 1081 1866 urgetur
1100 1817 1252 1863 acerbis,

226 1870 382 1917 Labere,
403 1870 602 1920 Nympha,
623 1870 720 1919 polo,
740 1869 907 1918 finesque
926 1870 1044 1907 invise
1064 1870 1235 1916 Latinos,

227 1924 365 1962 Tristis
384 1924 451 1961 ubi
467 1923 635 1960 infausto
654 1923 910 1960 committitur
929 1924 1052 1961 omine
1071 1937 1211 1974 pugna.

226 1977 326 2015 Haec
346 1990 447 2027 cape,
467 1979 506 2014 et
524 1976 701 2014 ultricem
719 1976 897 2026 pharetra
915 1977 1091 2026 deprome
1111 1977 1293 2027 sagittam
1308 1993 1316 2014 ε

227 2030 327 2077 Hac,
347 2031 573 2080 quicumque
593 2043 738 2067 sacrum
759 2030 910 2067 violarit
929 2031 1082 2067 vulnere
1102 2044 1247 2080 corpus,

226 2084 322 2121 Tros
343 2084 526 2129 ltalusve,
546 2083 643 2119 mihi
660 2083 801 2134 paliter
820 2083 885 2120 det
904 2083 1088 2134 sanguine
1106 2097 1248 2133 poenas,

226 2136 323 2174 Post
343 2150 413 2187 ego
433 2136 533 2173 nube
552 2149 643 2173 cava
661 2136 882 2173 miserandae
903 2150 1036 2186 corpus
1055 2139 1095 2174 et
1114 2150 1218 2174 arma

226 2169 439 2240 Inspoffata
457 2190 573 2226 feram
593 2189 979 2240 tumulO,pat11aeque
998 2190 1201 2239 reponam.’

226 2243 338 2280 Dixit
354 2260 361 2280 :
391 2245 431 2280 at
450 2242 515 2279 illa
531 2242 631 2280 leves
651 2242 735 2279 eoeli
754 2242 906 2292 delapsa
924 2257 989 2292 per
1008 2256 1115 2279 auras

227 2296 421 2342 Insonuit,
440 2296 550 2346 nigro
571 2295 804 2333 circumdata
822 2296 974 2333 turbine
994 2309 1140 2345 corpus.

281 2351 336 2386 At
355 2363 489 2386 manus
508 2349 653 2386 interea
671 2348 788 2385 muris
808 2348 971 2399 Trojana
989 2349 1229 2399 propinquat,

227 2403 456 2452 Etruscique
476 2402 599 2448 duces,
619 2402 864 2452 equitumque
883 2402 1068 2440 exercitus
1087 2402 1221 2448 omnis,

227 2456 441 2506 Compositi
458 2469 615 2493 numero
633 2456 674 2492 in
691 2457 850 2492 turmas.
907 2455 1054 2492 Fremit
1073 2468 1221 2505 aequore
1239 2458 1327 2494 toto

227 2510 425 2547 Insultans
445 2509 605 2559 sonipes,
625 2512 664 2546 et
683 2508 820 2559 pressis
838 2511 986 2559 pugnat
1004 2508 1162 2546 habenis

226 2563 318 2600 Huc
338 2563 516 2600 obversus
536 2564 575 2599 et
594 2562 691 2608 huc3
719 2564 805 2599 tum
823 2562 900 2599 late
920 2562 1058 2599 ferreus
1077 2561 1198 2599 hastis

226 2616 374 2654 Horret
393 2629 493 2667 ager,
513 2616 710 2666 campique
729 2615 843 2653 armis
863 2615 1087 2653 sublimibus
1107 2615 1255 2653 ardent.
