1705 2744
636 115 874 144 GEORGtcoN
902 116 984 143 ΗΒ.
1004 115 1033 142 1.
1410 106 1460 145 37

204 213 335 265 Usque
355 212 424 252 sub
444 215 656 252 extremum
673 213 815 251 brumae
833 211 1083 249 intractabilis
1103 210 1284 250 imbrem:

204 268 288 306 Nec
306 282 382 306 non
401 270 440 305 et
458 267 526 304 lini
544 273 712 317 segetem
731 269 769 304 et
790 265 940 303 Cereale
959 277 1120 316 papaver

204 321 370 371 Tempus
387 321 505 358 humo
522 323 662 371 tegere,
682 322 720 357 et
734 319 960 370 jamdudum
978 319 1194 356 incumbere
1213 318 1357 365 aratris,

205 375 311 412 Dum
331 374 428 412 sicca
444 374 579 411 tellure
597 374 697 419 licet,
718 374 809 410 dum
827 372 957 410 nubila
975 372 1153 422 pendent.

204 428 302 466 Vere
322 428 416 465 fabis
436 427 554 474 sati03
581 429 667 464 tum
685 429 725 464 te
744 440 903 477 quoque,
923 426 1085 471 Medica,
1104 428 1235 476 putres

206 481 411 531 Accipiunt
430 481 533 526 sulci,
554 483 593 518 et
611 480 716 517 milio
734 480 840 517 venit
860 492 984 517 annua
1002 492 1101 525 cura,

207 534 398 572 Candidus
417 534 558 571 auratis
577 534 697 584 aperit
717 547 834 584 quum
853 533 1026 570 cornibus
1046 545 1188 570 annum

206 588 365 634 Taurus,
384 590 422 625 et
442 588 597 625 adverso
617 587 749 625 cedens
769 586 882 624 Canis
902 586 1038 624 occidit
1057 588 1170 624 astro.

206 642 262 678 At
284 642 316 678 si
334 641 523 679 triticeam
542 641 582 678 in
600 654 761 678 messem
779 640 1006 690 robustaque
1025 639 1124 676 farra

206 695 409 732 Exercebis
428 694 599 734 humum,
619 694 780 744 solisque
798 693 957 731 instabis
976 693 1112 739 aristis,

206 749 311 785 Ante
330 748 402 785 tibi
421 748 515 785 Eoae
535 747 751 785 Atlantides
771 746 1061 792 abscondantur,

208 801 424 851 Gnosiaque
444 801 609 838 ardentis
628 801 783 838 decedat
803 800 912 838 stella
934 800 1101 845 Coronae,

208 855 351 892 Debita
370 868 483 904 quam
502 854 612 892 sulcis
632 853 849 891 committas
870 852 1022 894 semina,
1043 865 1229 903 quamque

208 907 351 945 Invitae
371 921 544 958 properes
563 907 651 944 anni
669 919 774 957 spem
792 907 940 944 credere
959 909 1084 944 terrae.

208 961 329 998 Multi
348 963 436 998 ante
455 974 628 998 occasum
647 961 760 997 Maiae
781 973 946 1010 coepere3
983 960 1049 998 sed
1065 960 1149 996 illos

208 1014 423 1064 Expectata
443 1027 547 1064 seges
566 1014 672 1051 vanis
691 1013 804 1051 elusit
823 1013 960 1050 aristis.

210 1067 249 1103 Si
267 1080 355 1104 vero
373 1067 582 1117 viciamque
601 1081 698 1105 seres
717 1067 903 1116 vilemque
921 1065 1090 1112 faselum,

208 1121 292 1158 Nec
312 1120 513 1158 Pelusiacae
533 1134 661 1158 curam
680 1121 922 1171 aspernabere
940 1119 1065 1164 lentis,

209 1174 328 1210 Haud
346 1174 502 1211 obscura
520 1174 654 1211 cadens
674 1174 806 1211 mittet
824 1173 898 1211 tibi
916 1173 1024 1223 signa
1043 1173 1185 1210 Bootes
1200 1188 1208 1218 3

209 1227 352 1277 Incipe,
372 1230 410 1264 et
430 1227 476 1264 ad
494 1227 635 1265 medias
655 1229 863 1265 sementem
882 1226 1041 1264 extende
1065 1226 1230 1276 pruinas

264 1280 411 1318 Idcirco
431 1280 541 1318 certis
561 1280 775 1318 dimensum
793 1280 964 1331 partibus
984 1279 1114 1317 orbem

211 1333 285 1371 Per
304 1334 475 1371 duodena
492 1334 591 1385 regit
611 1335 743 1371 mundi
763 1334 827 1371 Sol
845 1347 978 1371 aureus
998 1335 1111 1370 astra.

213 1387 386 1437 Quinque
403 1390 538 1425 tenent
557 1388 693 1425 coelum
713 1400 839 1425 zonae:
870 1400 1029 1438 quarum
1048 1399 1123 1423 una
1143 1399 1295 1423 corusco

213 1440 367 1491 Semper
385 1441 461 1479 sole
479 1441 616 1479 rubens
636 1444 675 1479 et
694 1441 838 1479 torrida
857 1454 1002 1491 semper
1022 1440 1068 1478 ab
1087 1439 1190 1489 igni:

214 1494 335 1540 Quam
355 1494 495 1532 circum
513 1498 688 1532 extremae
708 1495 841 1532 dextra
856 1494 1027 1544 laevaque
1045 1493 1265 1538 trahuntur,

215 1546 381 1584 Caerulea
399 1548 516 1598 glacie
536 1552 721 1586 concretae
742 1551 855 1598 atque
873 1548 1056 1585 imbribus
1077 1546 1190 1583 atris:

214 1599 300 1636 Has
317 1600 418 1638 inter
435 1601 671 1651 mediamque
690 1602 771 1638 duae
790 1601 1013 1638 mortalibus
1033 1599 1141 1650 aegris

215 1652 377 1691 BIunere
396 1667 579 1692 concessae
599 1655 750 1701 divum3
787 1655 849 1691 via
867 1657 969 1691 secta
986 1667 1052 1704 per
1071 1653 1210 1697 ambas,

218 1706 402 1756 Obliquus
422 1721 495 1757 qua
513 1721 551 1745 se
571 1708 766 1758 signorum
785 1709 950 1744 verteret
970 1707 1072 1744 ordo.

216 1758 399 1806 Mundus,
418 1763 463 1797 ut
482 1761 529 1797 ad
547 1761 746 1811 Scythiam
765 1761 1015 1810 Rhipaeasque
1034 1759 1172 1796 arduus
1191 1771 1290 1795 arces

217 1812 435 1863 Consurgit,
454 1814 639 1864 premitur
657 1814 792 1865 Libyae
813 1814 974 1851 devexus
992 1813 1032 1850 in
1052 1814 1210 1849 austros.

216 1865 296 1903 Hic
314 1880 378 1903 vei
382 1870 445 1904 tex
463 1867 570 1904 nobis
590 1881 734 1918 semper
754 1867 947 1911 sublimis3
976 1869 1015 1904 at
1034 1866 1142 1903 illum

217 1918 296 1956 Sub
315 1920 471 1969 pedibus
492 1920 563 1971 St)
552 1934 589 1957 x
608 1923 691 1958 atra
708 1921 812 1958 videt
832 1921 1041 1970 Manesque
1059 1918 1247 1970 profundi.

217 1972 410 2010 Maximus
429 1974 490 2011 hic
509 1974 608 2011 flexu
626 1975 777 2012 sinuoso
796 1973 957 2011 elabitur
975 1973 1108 2023 anguis

218 2025 370 2063 Circum
388 2040 526 2077 perque
546 2027 666 2064 duas
656 2042 696 2064 1n
714 2041 859 2065 morem
876 2026 1043 2064 fluminis
1062 2026 1211 2072 Arctos,

217 2080 355 2117 Arctos
375 2081 503 2118 oceani
521 2083 735 2118 metuentes
756 2094 904 2131 aequore
922 2080 1043 2130 tingi:

218 2132 315 2179 Illic,
335 2136 379 2170 ut
398 2134 610 2184 perhibent,
630 2137 696 2171 aut
714 2134 944 2184 intempesta
962 2134 1047 2170 silet
1065 2146 1153 2179 nox,

219 2186 373 2236 Semper
391 2190 430 2224 et
450 2188 608 2225 obtenta
626 2188 833 2226 densantur
851 2190 963 2225 nocte
981 2187 1173 2224 tenebr:ae

218 2240 300 2277 Aut
318 2241 417 2278 redit
436 2254 458 2278 a
475 2241 584 2278 nobis
603 2242 762 2288 Aurora,
782 2242 954 2292 diemque
974 2240 1141 2284 reducit·

219 2293 376 2344 Nosque
394 2294 460 2331 ubi
477 2294 621 2345 primus
641 2295 744 2345 equis
765 2295 898 2332 Oriens
918 2293 1058 2332 afflavit
1079 2270 1237 2338 anlrelis,

219 2346 306 2385 Illic
325 2361 405 2385 sera
422 2348 560 2386 rubens
580 2349 750 2386 accendit
767 2349 914 2386 lumina
931 2347 1085 2397 Vesper.

220 2400 325 2438 Hinc
343 2403 591 2450 tempestates
611 2402 724 2439 dubio
744 2402 964 2452 praediscere
983 2400 1076 2438 coelo

222 2452 440 2500 Possumus,
459 2455 549 2493 hinc
567 2455 774 2505 messisque
793 2455 893 2492 diem
911 2457 1137 2504 tempusque
1156 2451 1324 2497 serendj3

222 2506 278 2543 Et
297 2508 444 2557 quando
462 2508 623 2545 infidum
641 2509 754 2546 remis
771 2509 962 2558 impellere
980 2520 1145 2545 marmor

223 2558 455 2608 Conveniat3
484 2562 632 2611 quando
653 2564 816 2599 armatas
836 2562 1016 2599 deducere
1036 2561 1181 2606 classes,

226 2612 308 2650 Aut
327 2615 597 2665 tempestivam
617 2615 722 2652 silvis
741 2618 908 2653 evertere
926 2615 1070 2666 pinum.
