1705 2744
194 77 245 114 70
602 88 637 114 P.
657 87 844 114 vmeun
864 87 1049 115 MAnoms

193 181 416 232 Diffugiunt
435 185 618 229 armenta,
637 183 730 220 furit
749 183 960 234 mugitibus
979 184 1100 222 aether

194 235 420 282 Concussus,
440 236 617 286 silvaeque
636 240 676 274 et
695 237 783 274 sicci
800 237 882 287 ripa
900 238 1078 288 Tanagri.

194 288 283 327 Hoc
302 289 493 339 quondam
511 293 682 327 monstro
701 290 898 327 horribiles
918 291 1086 328 exercuit
1104 291 1178 328 iras

194 342 364 380 Inachiae
383 342 410 380 J
412 356 488 380 uno
506 346 655 393 pestem
673 343 859 380 meditata
870 344 1055 394 juvencae.

193 395 312 433 Hunc
331 409 490 446 quoque,
509 409 598 433 nam
617 396 750 434 mediis
769 397 978 434 fervoribus
998 397 1118 435 acrior
1136 397 1268 443 insta-t,

192 449 349 487 Arcebis
367 449 524 499 gravido
541 449 678 500 pecori,
697 452 941 499 armentaque
959 464 1098 499 pasceS,

193 502 278 540 Sole
297 516 424 540 recens
443 505 539 549 orto,
559 506 625 540 aut
644 505 797 540 noctem
816 503 1040 540 ducentibus
1060 503 1184 541 astris.

247 555 342 593 Post
360 558 514 606 partum
533 569 622 594 cura
639 556 680 593 in
698 556 839 593 vitulos
857 556 1072 594 traducitur
1090 557 1234 594 omnis:

194 607 461 659 Continuoque
480 612 590 647 notas
610 612 649 647 et
668 609 823 646 nomina
840 609 966 659 gentis
985 610 1157 656 inurunt,

195 662 249 699 Et
269 676 361 712 quos
381 666 448 700 aut
466 663 591 712 pecori
610 663 746 700 malint
766 662 991 700 submittere
1009 663 1198 709 habendo,

196 717 275 752 Aut
294 716 367 753 aris
387 730 533 754 servare
552 730 686 762 sacros,
706 718 772 753 aut
792 716 959 753 scindere
977 718 1132 762 terram,

194 769 249 806 Et
268 782 444 819 campum
461 770 681 807 horrentem
699 769 828 807 fractis
846 769 1034 807 invertere
1052 769 1194 819 glebis:

194 822 330 859 Cetera
348 826 556 872 pascuntur
566 823 704 860 virides
725 825 897 860 armenta
910 836 976 872 per
995 823 1143 860 herbas.

194 875 254 912 Tu
273 889 365 925 quos
385 877 432 913 ad
451 876 622 914 studium
641 878 755 926 atque
772 890 885 913 usum
903 877 1082 914 formabis
1101 878 1302 927 agrestem,

193 928 222 965 J
223 942 285 966 am
304 929 444 967 vitulos
462 929 626 976 hortare,
645 930 821 979 viamque
838 930 972 967 insiste
992 930 1182 976 domandi,

194 982 299 1019 Dum
317 983 443 1020 faciles
463 983 579 1020 animi
592 983 789 1034 juvenum,
809 983 901 1020 dum
920 983 1070 1020 mobilis
1089 986 1195 1021 aetas.

193 1036 250 1073 Ac
269 1036 435 1086 primum
454 1037 557 1074 laxos
576 1037 685 1074 tenui
703 1037 749 1074 de
767 1036 909 1074 vimine
928 1036 1059 1074 circlos

193 1088 339 1126 Cervici
358 1090 560 1136 subnecte3
589 1090 737 1136 dehinc,
756 1090 823 1128 ubi
840 1090 958 1128 libera
976 1090 1073 1127 colla

192 1142 356 1180 Servitio
375 1143 574 1189 assuerint,
594 1143 685 1193 ipsis
705 1157 724 1181 e
743 1143 943 1194 torquibus
963 1146 1072 1193 aptos

193 1196 220 1232 J
222 1209 323 1246 unge
341 1210 460 1246 pares,
479 1199 519 1234 et
538 1210 630 1246 coge
648 1197 809 1246 gradum
829 1197 995 1234 conferre
1007 1197 1212 1247 juvencos;

192 1250 322 1300 Atque
340 1250 413 1287 illis
426 1251 508 1301 jam
527 1263 625 1300 saepe
643 1253 739 1287 rotae
758 1250 947 1287 ducantur
965 1251 1095 1288 inane-s

192 1302 267 1340 Per
284 1306 438 1349 terram,
458 1306 497 1341 et
517 1317 665 1340 summo
684 1303 847 1353 vestigia
864 1304 1017 1354 pulvere
1036 1304 1212 1353 signent:

192 1356 288 1393 Post
307 1357 432 1394 valido
450 1357 577 1393 nitens
597 1357 667 1394 sub
685 1357 849 1407 pondere
867 1357 1017 1407 faginus
1037 1357 1115 1394 axis

191 1409 401 1459 Instrepat‚
423 1412 461 1447 et
475 1410 630 1460 junctos
649 1413 753 1447 temo
772 1410 903 1447 trahat
923 1423 1041 1447 aereus
1061 1411 1181 1448 orbes.

191 1462 346 1500 Interea
364 1463 456 1514 pubi
474 1463 674 1500 indomitae
692 1477 769 1500 non
788 1463 962 1513 gramina
979 1466 1149 1509 tantum,

192 1516 275 1553 Nec
294 1530 422 1554 vescas
442 1516 599 1553 salicum
617 1517 767 1554 frondes
785 1517 987 1567 ulvamque
1005 1517 1225 1567 palustrem,

192 1570 266 1607 Sed
285 1570 478 1607 frumenta
495 1583 611 1606 manu
631 1583 758 1620 carpes
778 1573 871 1607 sata.
926 1570 1009 1608 Nec
1028 1570 1102 1607 tibi
1120 1571 1220 1614 fetae,

192 1623 298 1660 More
317 1626 483 1673 patrum,
501 1623 612 1660 nivea
629 1623 843 1673 implebunt
863 1623 1083 1660 mulctraria
1100 1636 1236 1669 vaccae,

192 1676 266 1714 Sed
284 1680 370 1714 tota
387 1677 428 1713 in
447 1677 574 1714 dulces
594 1679 818 1714 consument
836 1677 951 1714 ubera
969 1679 1091 1714 natos

245 1729 311 1767 Sin
331 1730 378 1767 ad
396 1730 495 1768 bella
512 1730 634 1780 magis
653 1730 823 1767 studium
841 1733 1061 1780 turmasque
1079 1731 1232 1776 feroces,

192 1784 274 1820 Aut
293 1783 444 1833 Alphea
460 1783 555 1821 rotis
575 1783 729 1833 praelabi
747 1783 906 1821 flumina
925 1783 1036 1829 Pisae,

190 1836 246 1873 Et
266 1837 293 1873 ,J
297 1837 376 1874 ovis
394 1837 435 1874 in
452 1837 538 1874 luco
558 1850 687 1874 currus
707 1837 852 1887 agitare
870 1837 1042 1874 volantes
1057 1853 1065 1883 ;

192 1889 344 1927 Primus
364 1890 450 1940 equi
467 1890 574 1928 labor
593 1893 650 1928 est
670 1891 815 1928 animos
834 1893 948 1941 atque
967 1903 1072 1928 arma
1088 1890 1214 1927 videre

191 1942 424 1989 Bellantum,
442 1943 632 1994 lituosque
650 1944 743 1994 pati,
761 1946 962 1994 tractuque
979 1945 1196 1994 gementem

192 1996 307 2034 Ferre
326 2000 463 2042 rotam,
482 1999 521 2034 et
541 1997 691 2035 stabulo
710 1998 834 2034 frenos
854 1998 982 2034 audire
1001 1999 1178 2034 sonantes
1195 2012 1203 2042 3

191 2049 292 2086 Tum
310 2050 432 2100 magis
452 2052 566 2099 atque
583 2050 706 2100 magis
724 2050 873 2088 blandis
893 2050 1055 2100 gaudere
1074 2049 1248 2100 magistri

191 2102 397 2149 Laudibus,
417 2106 456 2140 et
474 2103 615 2153 plausae
634 2104 802 2141 sonitum
821 2103 975 2141 cervicis
994 2116 1130 2140 amare.

190 2157 320 2206 Atque
338 2156 420 2193 haec
433 2156 515 2206 jam
533 2157 655 2206 primo
675 2157 852 2207 depulsus
872 2157 919 2194 ab
938 2156 1052 2194 ubere
1071 2155 1206 2193 matris

190 2210 354 2255 Audeat,
374 2209 487 2259 inque
505 2210 627 2247 vicem
647 2210 712 2247 det
731 2210 909 2247 mollibus
929 2223 994 2247 ora
1012 2209 1184 2259 capistris

191 2262 399 2309 Invalidus,
419 2263 609 2313 etiamque
626 2265 806 2309 tremens,
825 2263 941 2301 etiam
961 2263 1100 2300 inscius
1119 2262 1202 2300 aevi.

190 2316 246 2353 At
265 2316 388 2353 tribus
407 2316 559 2362 exactis,
578 2316 644 2353 ubi
663 2319 798 2366 quarta
816 2316 1014 2354 accesserit
1033 2319 1158 2362 aestas,

191 2369 353 2419 Carpere
372 2383 460 2407 mox
478 2383 618 2419 gyrum
636 2369 805 2419 incipiat,
823 2370 1076 2420 gradibusque
1096 2382 1228 2407 sonare

190 2422 432 2472 Compositis,
453 2423 652 2473 sinuetque
670 2423 815 2460 alterna
832 2423 1027 2460 volumina
1044 2437 1208 2469 crm'um,

190 2475 324 2526 Sitque
341 2476 529 2513 laboranti
548 2476 701 2523 similis;
728 2479 815 2513 tum
833 2490 899 2514 cur
901 2477 1003 2513 sibus
1022 2490 1142 2522 auras,

190 2529 291 2566 Tum
310 2532 431 2574 vocet,
451 2543 493 2567 ac
511 2543 577 2579 per
596 2507 726 2580 aperta
743 2530 886 2575 volans,
906 2543 973 2567 ceu
992 2530 1086 2567 liber
1103 2529 1272 2575 habenis,

191 2582 369 2633 AEquora,
388 2582 452 2620 vix
471 2597 620 2621 summa
637 2583 800 2634 vestigia
817 2561 935 2634 ponat
955 2596 1087 2621 ar:ena
