1674 2775
270 120 348 157 326
678 130 712 156 12.
732 128 920 155 vaILn
938 129 1127 156 MARoNIs

273 224 346 261 Per
365 224 507 261 medios
526 223 685 274 insignis
705 224 821 274 equis,
840 223 1085 274 tumidusque
1104 224 1266 261 seeundo

272 277 400 314 Marte
419 279 505 314 ruat
523 276 541 314 Ρ
595 277 687 314 Non
706 277 831 315 clausa
848 280 988 327 tegunt
1001 277 1082 327 jam
1101 277 1242 314 moenia
1260 277 1437 314 Teucros.

272 330 373 376 Quin
391 330 493 367 intra
511 332 640 380 portas
659 333 772 380 atque
791 330 881 380 ipsis
900 330 1033 380 proelia
1049 329 1210 367 miscent

271 383 487 433 Aggeribus
505 396 705 420 maerorum
723 400 730 430 3
759 386 797 421 et
815 383 1003 420 inundant
1022 383 1204 433 sanguine
1222 383 1340 420 fossae.

271 436 410 473 AEneas
430 436 583 485 ignarus
603 437 720 473 abest.
775 437 1032 486 Nunquamne
1053 436 1169 473 levari

273 489 477 526 Obsidione
496 489 593 526 sines
609 488 626 527 P
656 489 780 526 Muris
799 489 939 526 iterum
957 488 1132 526 imminet
1150 488 1272 526 hostis

272 542 475 579 Nascentis
495 542 630 592 Trojae,
649 556 718 579 nee
737 556 813 579 non
833 542 1018 579 exercitus
1037 542 1154 587 alter3

271 595 401 644 Atque
420 595 559 632 iterum
577 596 617 632 in
637 595 800 632 Teucros
820 595 960 632 AEtolis
979 595 1102 645 surgit
1121 595 1167 632 ab
1186 594 1300 644 Arpis

273 648 450 697 Tydides.
507 648 695 697 Equidem
715 648 836 694 credo,
857 661 940 685 mea
957 648 1113 685 vulnera
1130 650 1288 693 restant,

272 701 328 738 Et
346 704 416 738 tua
433 701 628 751 progenies
647 701 823 738 mortalia
841 701 1013 739 demoror
1031 702 1154 738 arma!

273 754 313 790 Si
332 754 411 791 sine
429 768 519 804 pace
538 757 607 792 tua
625 757 738 804 atque
757 754 878 792 invito
897 754 1051 791 numine
1071 754 1189 791 Troes

274 807 428 844 Italiam
446 807 762 857 petiere,—luant
780 809 933 857 peccata
950 823 958 853 3
986 820 1106 857 neque
1124 807 1208 845 issos

273 860 300 896 J
303 861 426 897 uveris
444 860 603 898 auxilio:
632 860 691 897 sin
709 863 771 898 tot
789 874 966 910 responsa
984 860 1115 906 secuti,

273 914 368 959 Quae
389 914 513 963 superi
530 927 733 963 manesque
752 914 1026 959 daba11t‚—-cur
1043 927 1144 951 nune
1162 915 1232 950 tua
1250 912 1450 962 quisquam

272 966 429 1004 Vertere
442 967 548 1016 jussa
564 969 692 1017 potest
707 966 724 1005 P
753 969 821 1004 aut
841 980 907 1004 cur
924 980 1023 1004 nova
1041 967 1198 1004 condere
1216 965 1327 1004 fata?

273 1019 374 1066 Quid
392 1022 562 1069 repetam
580 1023 730 1057 exustas
750 1020 918 1071 Erycino
937 1020 977 1056 in
994 1019 1106 1057 litore
1125 1019 1292 1057 classes?

273 1072 374 1118 Quid
392 1075 667 1122 tempestatum
685 1086 825 1123 regem,
845 1076 1052 1122 ventosque
1070 1073 1237 1110 furentes

272 1125 399 1163 AEolia
417 1126 559 1163 excitos
576 1126 594 1163 ?
623 1129 690 1163 aut
709 1129 833 1164 actam
852 1126 1016 1163 nubibus
1036 1126 1132 1163 Irim
1149 1125 1167 1164 Ρ

272 1179 387 1216 Nunc
406 1180 521 1216 etiam
539 1179 806 1216 manes—-haec
824 1179 1017 1216 intentata
1033 1179 1212 1216 manebat

272 1231 361 1269 Sors
381 1235 700 1277 rerum—movet,
720 1235 759 1270 et
779 1232 921 1282 superis
940 1232 1109 1269 immissa
1128 1235 1282 1282 repente

272 1285 434 1331 AHeeto,
454 1285 595 1322 medias
615 1285 761 1322 Italum
779 1285 962 1323 bacchata
979 1298 1045 1334 per
1063 1286 1186 1322 urbes.

272 1338 342 1375 Nil
361 1352 472 1388 super
490 1338 646 1388 imperio
666 1352 819 1376 moveor
835 1355 842 1375 ε
872 1338 1103 1388 speravimus
1122 1338 1207 1383 ista,

272 1391 378 1428 Dum
397 1392 550 1428 fortuna
568 1392 642 1428 fuit
659 1408 666 1429 :
695 1392 862 1437 vincant,
882 1405 974 1440 quos
994 1391 1142 1428 vincere
1161 1391 1291 1427 mavis.

272 1443 313 1480 Si
332 1445 435 1481 nulla
453 1447 511 1481 est
529 1445 644 1494 regio,
664 1445 817 1481 Teucris
837 1458 950 1494 quam
969 1444 1034 1481 det
1052 1446 1120 1481 tua
1138 1444 1274 1494 conjux

272 1497 403 1534 Dura:
432 1511 498 1547 per
516 1511 668 1543 eversae,
688 1498 849 1547 genitor,
868 1497 1054 1534 fumantia
1073 1497 1197 1547 Trojae

272 1550 434 1587 Excidja
452 1550 644 1587 obtestor:
673 1550 785 1588 liceat
805 1550 997 1587 dimittere
1017 1550 1063 1586 ab
1083 1550 1196 1586 armis

272 1603 513 1640 Incolumem
531 1603 750 1649 Ascanium,
769 1603 882 1640 h'ceat
901 1616 1092 1652 superesse
1110 1604 1299 1652 nepotem.

272 1656 412 1694 AEneas
431 1670 520 1693 sane
538 1656 681 1706 ignotis
694 1656 864 1706 jactetur
881 1656 921 1692 in
939 1655 1062 1701 undis,

272 1709 340 1755 Et,
361 1723 636 1758 quamcumque
655 1709 755 1746 viam
775 1709 920 1746 dederit
938 1709 1103 1754 fortuna,
1123 1709 1302 1757 sequatur
1318 1725 1325 1745 ι

274 1762 391 1800 Hunc
410 1765 550 1813 tegere,
570 1766 609 1800 et
629 1763 718 1800 dirae
736 1762 883 1799 valeam
902 1762 1107 1800 subducere
1125 1774 1278 1811 pugnae.

273 1815 348 1853 Est
367 1816 571 1862 Amathus,
591 1818 649 1852 est
669 1815 768 1853 celsa
786 1815 881 1852 mihi
900 1815 1067 1865 Paphus,
1087 1817 1201 1863 atque
1221 1813 1402 1864 Cythera,

274 1868 478 1918 Idaliaeque
498 1869 631 1906 domus
648 1885 656 1906 ε
684 1869 818 1919 positis
837 1868 1020 1918 inglorius
1040 1867 1154 1905 armis

274 1922 417 1971 Exigat
437 1922 499 1959 hic
519 1934 655 1959 aevum.
711 1922 857 1972 Magna
876 1922 1019 1959 ditione
1031 1921 1167 1972 jubeto

275 1974 468 2024 Carthago
489 1978 635 2024 premat
654 1975 863 2012 Ausoniam
881 1991 888 2012 :
918 1974 1014 2011 nihi]
1032 1974 1190 2011 urbibus
1209 1972 1298 2010 inde

274 2027 455 2065 Obstabit
475 2026 612 2078 Tyriis.
668 2028 769 2074 Quid
787 2030 934 2078 pestem
953 2027 1107 2065 evadere
1125 2025 1215 2064 belli

275 2080 303 2117 J
304 2081 400 2127 uvit‚
420 2083 458 2118 et
478 2081 675 2131 Argolicos
694 2082 862 2118 medium
880 2081 1020 2131 fugisse
1038 2093 1104 2130 per
1121 2080 1241 2130 igneS‚

274 2133 424 2183 Totque
443 2135 556 2171 maris
575 2137 765 2183 vastaeque
785 2134 968 2171 exhausta
985 2133 1150 2183 pericula
1167 2134 1293 2175 terrae,

275 2187 381 2224 Dum
400 2186 557 2224 Latium
577 2187 712 2224 Teucri
730 2187 965 2236 recidivaque
985 2187 1171 2236 Pergama
1189 2186 1365 2234 quaerunt
1382 2182 1400 2220 Ρ

274 2240 365 2277 Non
386 2240 516 2286 satius,
536 2239 677 2277 eineres
696 2240 830 2289 patriae
850 2239 1029 2277 insedisse
1049 2251 1253 2288 supremos,

274 2294 403 2343 Atque
422 2293 546 2330 solum
566 2306 638 2342 quo
658 2293 772 2343 Troja
789 2292 895 2330 fuit?
924 2291 1126 2329 Xanthum
1145 2293 1184 2328 et
1204 2291 1402 2327 Simoenta

275 2347 418 2391 Redde,
438 2359 515 2392 oro,
534 2346 701 2392 miseris3
727 2346 940 2396 iterumque
958 2345 1148 2382 revolvere
1168 2357 1274 2380 casus

274 2400 348 2445 Da,
367 2402 486 2449 pater,
506 2399 642 2436 Iliacos
662 2398 856 2436 Teucris.”
913 2398 1013 2436 Tum
1030 2398 1136 2448 regia
1154 2397 1181 2434 J
1184 2410 1259 2434 uno

274 2454 375 2490 Acta
393 2453 516 2490 furore
535 2452 662 2503 gravi:
693 2455 713 2471 ‘⁴
728 2452 828 2498 Quid
846 2465 906 2488 me
926 2451 1004 2488 alta
1022 2450 1173 2488 silentia
1191 2449 1294 2500 cogis

274 2506 478 2555 Rumpere,
498 2508 537 2543 et
556 2506 764 2543 obductum
781 2505 905 2542 verbis
923 2504 1077 2555 vulgare
1096 2503 1262 2541 dolorem
1277 2501 1294 2540 P

274 2559 423 2596 AEnean
440 2559 640 2596 hominum
659 2559 857 2608 quisquam
876 2557 1081 2606 divumque
1100 2556 1252 2606 subegit

274 2612 382 2650 Bella
400 2612 516 2662 sequi,
536 2614 602 2649 aut
621 2612 772 2649 hostem
790 2611 872 2662 regi
890 2624 929 2649 se
947 2611 1084 2648 inferre
1103 2609 1243 2647 Latino
1259 2607 1275 2646 s*
