1674 2775
241 106 320 143 312
652 113 687 139 P.
707 113 895 140 vinoun
914 114 1104 141 immonis

293 208 467 247 Victores
487 207 615 259 praeda
633 207 775 245 Rutuli
795 208 997 259 spoliisque
1014 210 1142 260 potiti,

242 262 488 300 Volscentem
507 261 723 299 exanimum
742 261 876 299 flentes
895 262 935 299 in
954 265 1077 300 castra
1094 263 1278 302 ferebant.

243 316 326 353 Nec
345 315 469 352 minor
486 314 526 352 in
546 314 679 352 castris
698 314 836 361 luctus,
856 315 1074 353 Rhamnete
1093 319 1243 366 reperto

243 368 452 419 Exsangui,
472 370 511 405 et
529 367 660 417 primis
679 381 755 405 una
774 371 836 405 tot
856 368 958 405 caede
976 369 1168 418 peremtis,

244 422 478 470 Sarranoque
498 421 713 471 Numaque.
770 421 913 471 Ingens
933 435 1136 459 concursus
1155 423 1203 460 ad
1221 422 1303 473 ipsa

243 474 421 524 Corpora,
440 474 716 524 seminecesque
734 474 846 520 viros,
868 474 1066 525 tepidaque
1084 478 1274 513 recentem

245 527 359 566 Oaede
377 527 514 573 locum,
533 528 572 564 et
590 527 720 577 plenos
739 527 934 577 spumanti
952 528 1134 578 sanguine
1152 529 1264 566 rivos.

246 582 472 631 Agnoscunt
491 580 611 630 spolia
628 580 728 617 inter
747 594 796 626 se,
817 580 1038 630 galeamque
1057 581 1247 620 nitentem

245 634 425 684 Messa-pi,
445 636 483 671 et
502 633 625 670 multo
643 633 814 683 phaleras
834 634 969 671 sudore
987 636 1168 685 receptas.

297 687 353 724 Et
365 687 448 737 jam
465 686 588 736 prima
604 700 703 724 novo
723 687 924 737 spargebat
941 687 1085 725 lumine
1103 690 1224 726 terras

243 740 405 778 Tithoni
424 753 596 778 croceum
613 739 787 790 linquens
806 741 956 778 Aurora
973 741 1117 779 cubile.

242 794 271 831 J
273 807 335 831 am
353 793 429 831 sole
447 793 584 839 infuso,
597 793 679 853 jam
697 793 808 831 rebus
827 793 910 831 luce
928 794 1094 840 retectis,

242 846 423 884 Turnus
412 860 453 883 111
472 859 578 884 311113
594 846 706 893 viros,
726 846 840 884 armis
859 847 1142 884 circumdatus
1132 861 1223 898 ipse,

243 900 670 960 Suscitat3ae1atasque
689 900 785 937 acies
804 900 843 937 in
861 900 1003 950 proelia
1021 901 1125 951 cogit

243 953 410 1003 Quisque
429 966 526 999 suas,
544 953 731 1003 variisque
750 956 892 990 acuunt
910 953 1152 991 rumoribus'
1142 967 1228 991 iras.

243 1007 344 1053 Quin
363 1006 445 1056 ipsa
462 1006 628 1053 arrectis,
647 1006 731 1043 visu
748 1007 971 1053 miserabile,
990 1007 1031 1044 in
1048 1007 1170 1044 hastis

243 1060 457 1110 Praefigunt
476 1059 611 1109 capita,
631 1062 670 1097 et
690 1060 812 1097 multo
832 1060 994 1098 clamore
1014 1062 1238 1111 sequuntur,

243 1113 405 1164 Euryali
423 1115 462 1150 et
481 1112 580 1150 Nisi.

244 1166 423 1204 AEneadae
442 1166 526 1203 duri
545 1179 741 1203 murorum
759 1165 800 1203 in
818 1168 926 1216 parte
945 1166 1099 1204 sinistra

244 1220 460 1270 Opposuere
479 1220 608 1265 aciem,
627 1233 716 1256 113111
735 1219 889 1256 dextera
907 1219 1074 1270 cingitur
1092 1219 1206 1266 amni,

244 1273 502 1323 Ingentesque
520 1275 654 1310 tenent
673 1273 801 1318 fossas,
821 1275 860 1309 et
879 1274 1047 1310 turribus
1067 1273 1154 1310 altis

244 1326 358 1363 Stant
378 1325 524 1363 maesti:
553 1325 667 1362 simul
686 1339 750 1362 ora
768 1326 893 1362 virum
911 1327 1066 1376 praefixa
1084 1325 1302 1371 movebant,

243 1380 351 1417 Nota
368 1379 481 1416 nimis
499 1379 656 1425 miseris,
677 1381 833 1428 atroque
851 1379 1009 1416 fluentia
1026 1379 1130 1416 tabo.

298 1432 452 1470 Interea
469 1432 645 1482 pavidam
664 1432 827 1469 volitans
847 1435 1012 1481 pennata
1029 1445 1095 1482 per
1113 1432 1247 1469 urbem

244 1485 397 1522 Nuncia
418 1485 538 1522 Fama
555 1485 645 1530 ruit,
664 1485 871 1535 matrisque
890 1485 1068 1522 allabitur
1087 1498 1194 1522 aures

244 1538 414 1589 Euryali.
470 1539 526 1575 At
546 1538 694 1575 subitus
712 1538 858 1575 miserae
877 1538 978 1575 calor
996 1551 1080 1575 ossa
1096 1537 1272 1588 reliquit:

244 1592 406 1629 Excussi
424 1591 598 1628 manibus
617 1591 723 1637 radii,
742 1591 986 1641 revolutaque
1004 1605 1132 1641 pensa.

244 1645 385 1682 Evolat
403 1645 545 1691 infelix,
565 1647 605 1682 et
624 1644 784 1682 femineo
802 1644 964 1691 ululatu,

243 1698 366 1736 Scissa
384 1711 542 1744 comam,
561 1711 690 1734 muros
709 1711 837 1735 amens
857 1700 972 1748 atque
991 1697 1144 1747 agmina
1161 1709 1274 1734 cursu

245 1752 376 1788 Prima
393 1751 492 1801 petit
506 1767 513 1788 :
543 1764 621 1788 non
638 1751 703 1788 illa
720 1751 857 1797 virum,
877 1764 954 1788 non
972 1750 1037 1788 illa
1054 1750 1198 1800 pericli,

243 1805 497 1854 Telorumque
515 1817 681 1842 memor:
711 1804 849 1842 coelum
868 1804 1003 1841 dehinc
1023 1803 1219 1854 questibus
1238 1801 1394 1852 implet:

243 1861 264 1877 ‘⁵
279 1858 396 1895 Hunc
416 1871 486 1908 ego
504 1859 556 1903 te,
576 1857 755 1907 Euryale,
774 1856 945 1907 aspicio?
973 1860 1067 1894 tune
1086 1857 1151 1894 illa
1169 1858 1329 1894 senectae

228 1911 334 1948 Sera
352 1925 445 1948 meae
463 1910 621 1961 requies,
639 1911 801 1961 potuisti
818 1911 986 1960 linquere
1005 1910 1136 1956 solam,

245 1964 417 2001 Crudelis
432 1964 449 2002 ἓ
478 1977 546 2001 1100
564 1966 615 2010 te,
636 1964 706 2001 sub
724 1966 835 2001 tanta
852 1964 1017 2014 pericula
1034 1964 1205 2010 missum,

244 2017 366 2054 Affari
385 2020 597 2054 extremum
615 2018 760 2054 miserae
779 2017 869 2054 data
887 2017 994 2067 copia
1012 2016 1159 2054 matri?

247 2070 349 2116 Heu,
368 2074 470 2107 teria
487 2070 622 2120 ignota
640 2071 794 2107 canibus
814 2071 902 2107 date
920 2070 1047 2120 praeda
1065 2069 1215 2107 Latinis

247 2101 516 2173 Alitibusque'
502 2136 626 2183 JaceS.
619 2124 625 2149 ¹
655 2137 723 2160 nec
742 2126 782 2160 te
801 2126 870 2160 tua
887 2123 1020 2160 funera
1038 2125 1162 2160 mater

248 2177 428 2222 Produxi,
448 2176 612 2226 pressive
631 2176 769 2222 oculos,
789 2179 856 2213 aut
874 2177 1031 2213 vulnera
1047 2176 1134 2221 lavi,

246 2230 363 2268 Veste
382 2232 539 2280 tegens3
566 2229 640 2267 tibi
658 2242 772 2279 quam
790 2231 922 2266 noctes
941 2229 1080 2266 festina
1099 2206 1251 2278 diesque

248 2283 455 2333 Urgebam,
475 2285 514 2320 et
533 2282 611 2320 tela
629 2296 735 2320 curas
755 2282 901 2320 solabar
920 2282 1048 2319 aniles.

247 2337 331 2383 Quo
350 2335 514 2385 sequar?
542 2337 609 2373 aut
628 2349 710 2386 quae
728 2349 829 2372 nunc
848 2337 964 2380 artus,
984 2334 1185 2384 avulsaque
1203 2333 1383 2379 membra,

246 2391 302 2427 Et
321 2390 435 2426 funus
454 2389 618 2427 lacerum
636 2389 749 2426 tellus
767 2387 916 2426 habet?
944 2388 1016 2425 1100
1036 2388 1131 2424 mihi
1150 2388 1196 2424 de
1213 2389 1266 2433 te,

247 2443 363 2489 Nate,
382 2442 528 2480 refers?
556 2443 628 2480 hoc
647 2456 731 2479 sum
749 2444 923 2490 terraque
942 2441 1111 2491 marique
1130 2438 1291 2478 secuta?

247 2496 378 2546 Figite
396 2509 468 2542 me,
488 2495 519 2532 si
539 2509 612 2545 qua
630 2498 688 2533 est
707 2495 850 2545 pietas3
878 2494 918 2531 111
937 2507 997 2531 1110
1017 2494 1144 2531 01111113
1161 2493 1239 2531 tela

247 2549 444 2600 Conjicite,
464 2563 485 2586 0
506 2549 666 2595 Rutuli,
694 2562 756 2586 me
774 2548 936 2608 primam
955 2547 1142 2585 absumite
1161 2547 1281 2592 ferr03

244 2603 328 2640 Aut
345 2605 403 2650 tu,
422 2615 559 2653 magne
577 2605 686 2652 pater
704 2602 846 2649 divum,
865 2601 1050 2647 miserere,
1069 2603 1211 2650 tuoque
