1705 2744
329 137 405 176 176
721 149 755 175 P.
776 148 962 175 VIRGILII
982 148 1169 176 MARONIS

326 243 508 288 Stridens,
527 256 594 281 nec
614 243 712 280 dulci
732 243 894 281 declinat
912 243 1056 281 lumina
1074 258 1216 282 somno.

328 296 428 333 Luce
448 297 552 333 sedet
571 300 697 333 custos
717 299 784 333 aut
803 297 940 333 summi
960 297 1123 335 culmine
1141 298 1245 343 tecti,

327 349 509 386 Turribus
529 352 595 386 aut
615 349 712 394 altis,
733 352 771 386 et
790 363 945 399 magnas
964 350 1116 387 territat
1135 351 1256 395 urbes,

327 402 422 439 Tam
443 402 521 439 ficti
541 403 718 452 pravique
737 406 861 447 tenaX,
881 416 993 451 quam
1011 403 1147 441 nuncia
1164 403 1253 440 veri.

327 455 423 492 Haec
442 458 527 492 tum
547 455 746 505 multiplici
766 455 921 504 populos
941 469 1109 493 sermone
1127 457 1294 506 replebat

327 508 515 553 Gaudens,
535 511 573 545 et
592 509 731 558 pariter
750 509 849 545 facta
868 511 980 558 atque
998 508 1138 546 infecta
1156 509 1311 546 canebat
1328 526 1334 544 :

326 561 482 598 Venisse
502 561 660 606 AEnean,
681 561 842 610 Trojano
861 574 883 598 a
901 561 1081 611 sanguine
1101 564 1257 607 cretum,

326 614 397 650 Cui
416 627 454 651 se
473 614 629 662 pulchra
648 614 727 651 viro
747 614 924 664 dignetur
936 614 1096 664 jungere
1116 615 1240 660 Did0;

325 667 439 704 Nunc
459 667 621 704 hiemem
640 667 740 704 inter
759 681 797 704 se
815 667 917 713 hum,
937 681 1049 716 quam
1068 667 1192 717 longa,
1210 668 1345 714 fovere,

326 720 549 769 Regnorum
569 719 805 757 immemores
825 720 1001 770 turpique
1021 721 1193 770 cupidine
1211 724 1352 770 captos.

326 773 423 810 Haec
443 773 582 822 passim
601 773 669 810 dea
688 773 786 810 foeda
804 773 927 810 virum
946 773 1124 810 diffundit
1142 773 1182 810 in
1201 787 1277 812 ora.

326 826 506 863 Protinus
526 827 572 863 ad
591 839 718 876 regem
738 839 866 863 cursus
886 826 1084 876 detorquet
1104 826 1253 872 Iarban,

326 878 577 929 Incenditque
596 880 764 916 animum
783 879 904 926 dictis,
926 882 1038 929 atque
1058 882 1213 929 aggerat
1231 879 1315 916 iras.

378 932 456 969 Hic
476 932 691 969 Hammone
711 935 825 978 satus,
844 935 953 982 rapta
971 932 1239 970 Garamantide
1257 932 1451 983 Nympha,

326 985 483 1035 Templa
503 985 529 1022 J
532 985 593 1022 ovi
612 988 765 1023 centum
784 985 871 1022 latis
889 985 1069 1023 immania
1086 985 1222 1036 regnis,

325 1038 489 1075 Centum
509 1052 589 1075 aras
608 1039 757 1088 posuit3
785 1039 1010 1089 vigilemque
1030 1041 1237 1076 sacraverat
1256 1039 1384 1089 ignem

326 1092 513 1128 Excubias
533 1092 662 1128 divum
681 1094 851 1138 aeternas,
870 1093 1128 1142 pecudumque
1149 1105 1278 1129 cruore

326 1144 472 1194 Pingue
492 1145 625 1190 solum,
646 1147 684 1182 et
702 1145 813 1182 variis
832 1145 1005 1182 florentia
1021 1144 1153 1182 limina
1171 1145 1291 1182 sertis.

326 1197 439 1247 Isque
458 1211 585 1235 amens
605 1198 731 1243 animi,
751 1200 789 1235 et
807 1212 956 1236 rumore
975 1211 1148 1235 accensus
1168 1211 1304 1244 amaro,

323 1250 476 1288 Dicitur
495 1253 582 1288 ante
601 1264 693 1297 aras,
712 1251 835 1288 medja
852 1251 952 1288 inter
970 1251 1126 1288 numina
1144 1251 1285 1297 divum,

323 1303 452 1340 Multa
471 1304 497 1340 ‚J
501 1318 608 1341 ovem
626 1304 799 1341 manibus
818 1305 974 1364 supplex
993 1317 1115 1342 orasse
1134 1304 1298 1363 supinis:

323 1360 344 1375 “
358 1356 512 1406 Jupiter
531 1357 780 1407 omnipotenS,
800 1357 859 1394 cuj
877 1371 976 1394 nunc
996 1357 1187 1394 Maurusia
1205 1357 1315 1406 pictis

323 1409 425 1447 Gens
445 1409 596 1459 epulata
614 1410 706 1447 toris
726 1410 906 1447 Lenaeum
925 1410 1018 1447 libat
1036 1410 1228 1455 honorem,

321 1463 470 1512 Aspicis
489 1463 570 1500 haec
586 1462 603 1500 P
631 1476 677 1500 an
697 1465 747 1508 te,
767 1463 927 1513 genitor,
947 1477 1063 1513 quum
1081 1463 1239 1499 fulmina
1256 1465 1420 1512 torques,

322 1516 591 1565 Nequidquam
608 1516 804 1553 horremus
819 1516 836 1553 Ρ
865 1516 1022 1566 caecique
1040 1517 1080 1553 in
1099 1515 1261 1552 nubibus
1281 1516 1387 1565 ignes

321 1568 545 1606 Terrifieant
565 1568 720 1615 anjmos,
740 1571 779 1606 et
798 1569 923 1606 inania
941 1582 1134 1606 murmura
1151 1568 1311 1606 miscent
1328 1567 1345 1605 ’ἓ

321 1621 490 1668 Femina,
511 1634 595 1671 quae
613 1622 752 1659 nostris
771 1635 896 1659 errans
914 1622 954 1659 in
972 1622 1109 1659 finibus
1128 1622 1260 1659 urbem

320 1674 511 1725 Exiguam
529 1675 650 1724 pretio
669 1675 806 1725 posuit,
826 1675 886 1712 cui
904 1675 994 1712 litus
1015 1675 1207 1720 arandum,

321 1727 465 1777 Cuique
484 1728 556 1765 loci
573 1727 673 1778 leges
693 1728 874 1774 dedimus,
894 1728 1079 1766 connubia
1096 1730 1226 1765 nostra

319 1780 489 1830 Repulit,
509 1794 550 1818 ac
570 1781 765 1818 dominum
784 1781 931 1818 AEnean
948 1781 989 1818 in
1006 1794 1123 1831 regna
1140 1780 1292 1830 recepit.

320 1834 374 1870 Et
394 1847 493 1871 nunc
512 1834 573 1870 ille
593 1834 712 1880 Paris,
731 1848 818 1871 cum
836 1834 1009 1872 semiviro
1029 1834 1224 1879 comitatU,

319 1886 481 1924 Maeonia
498 1889 672 1924 mentum
691 1888 805 1924 mitra
824 1888 1036 1937 crinemque
1055 1887 1271 1924 madentem

320 1939 520 1985 Subnixus,
539 1942 648 1989 rapto
666 1940 833 1990 potitur.
862 1954 930 1978 nos
948 1954 1104 1978 munera
1121 1939 1272 2000 templis

320 1992 465 2042 Quippe
483 1993 561 2029 tuis
580 1993 744 2039 feiimus,
764 1994 975 2043 famamque
993 1994 1162 2031 fovemus
1180 1990 1353 2029 inanem.’

308 2070 322 2083 ,·
372 2045 528 2082 Talibus
548 2048 719 2082 orantem
738 2046 861 2092 dictis,
881 2060 1034 2095 arasque
1053 2048 1259 2089 tenentem,

318 2098 453 2134 Audiit
473 2098 722 2147 omnipotens,
743 2099 941 2148 oculosque
961 2100 1007 2136 ad
1026 2098 1164 2136 moenia
1181 2096 1294 2135 torsit

317 2150 450 2200 Regia,
470 2153 509 2187 et
529 2151 666 2187 oblitos
685 2151 795 2188 famae
814 2152 976 2189 melioris
996 2153 1177 2188 amantes.

318 2203 417 2240 Tum
438 2203 490 2240 sic
509 2202 739 2240 Mercurium
759 2203 973 2253 alloquitur,
993 2217 1034 2246 ac
1053 2204 1146 2241 talia
1164 2202 1318 2240 mandat
1334 2218 1342 2238 ε

318 2259 338 2274 “
352 2256 455 2294 Vade
476 2269 556 2306 age,
576 2259 676 2301 nate,
695 2269 787 2293 voca
806 2257 1008 2307 Zephyros,
1028 2259 1066 2293 et
1084 2257 1207 2293 labere
1225 2255 1380 2305 pennis3

317 2309 626 2358 Dardaniumque
646 2309 790 2354 ducem,
810 2309 926 2359 Tyria
945 2309 1174 2359 Carthagine
1194 2309 1257 2358 qm‘
1276 2321 1376 2345 nunc

317 2362 537 2412 Exspectat,
557 2362 718 2411 fatisque
738 2362 844 2399 datas
863 2376 939 2400 non
957 2363 1109 2412 respicit
1129 2362 1250 2406 urbes,

316 2415 528 2465 Alloquere,
549 2418 587 2452 et
606 2415 740 2453 celeres
760 2416 860 2452 defer
878 2429 962 2453 mea
980 2416 1081 2453 dicta
1098 2429 1164 2465 per
1182 2428 1300 2452 auras.

317 2468 406 2506 Non
425 2468 533 2505 illum
552 2468 660 2505 nobis
678 2469 850 2518 genetrix
868 2468 1117 2519 pulcherrima
1134 2468 1251 2505 talem

316 2521 509 2567 Promisit,
530 2520 760 2571 Graiumque
778 2521 861 2559 ideo
880 2522 937 2559 bis
956 2522 1122 2559 vindicat
1141 2521 1276 2565 armis;

316 2574 390 2611 Sed
406 2574 495 2620 fore,
515 2574 580 2624 qui
598 2574 793 2624 gravidam
811 2574 975 2625 imperiis
994 2575 1165 2624 belloque
1183 2574 1406 2611 frementem

315 2627 470 2664 Italiam
488 2630 646 2678 regeret,
667 2641 784 2678 genus
804 2628 881 2666 alto
900 2641 922 2665 a
939 2628 1120 2679 sanguine
1139 2626 1275 2664 Teucri
