1705 2744
582 116 770 144 AENEIDOS
790 116 870 142 LIB.
893 116 948 142 IV.

136 211 300 259 Interea,
321 214 360 250 et
378 211 541 250 tacitum
558 211 655 248 vivit
675 211 744 248 sub
762 212 912 261 pectore
931 210 1080 248 vulnus.

136 264 274 302 Uritur
292 266 421 303 infelix
439 265 552 311 Dido,
571 266 728 314 totaque
746 266 907 314 vagatur

135 317 241 356 Urbe
260 319 407 356 furens:
437 318 555 367 qualis
575 318 745 368 conjecta
762 331 870 355 cerva
888 317 1041 367 sagitta,

137 371 261 418 Quam
279 372 409 422 procul
427 371 619 408 incautam
637 384 791 408 nemora
808 370 909 408 inter
928 370 1055 408 Cresia
1074 371 1158 408 fixit

136 424 275 462 Pastor
294 439 408 476 agens
426 424 523 470 telis,
542 424 727 473 liquitque
745 423 897 461 volatile
916 424 1056 461 ferrum

135 477 297 515 Nescius
314 495 322 516 ε
351 479 413 515 illa
432 478 522 527 fuga
541 477 651 514 silvas
671 477 861 526 saltusque
880 479 1055 527 peragrat

136 531 306 569 Dietaeos
322 548 330 578 ;
358 532 477 568 haeret
495 531 605 568 lateri
623 531 745 568 letalis
764 531 918 568 arundo.

136 584 178 620 N
180 598 252 622 unc
271 585 395 622 media
413 584 560 621 AEnean
579 597 706 621 secum
724 597 789 633 per
807 583 946 621 moenia
964 583 1080 629 ducit,

137 637 382 687 Sidoniasque
401 639 570 675 ostentat
590 651 689 687 opes,
708 637 913 685 urbemque
932 639 1100 686 paratam
1116 653 1124 681 3

137 690 280 741 Incipit
299 691 414 737 effari,
434 691 627 740 mediaque
646 691 685 727 in
703 704 794 728 voce
812 690 977 727 resistit:

135 743 251 781 Nunc
271 745 411 790 eadem,
430 744 581 781 labente
600 744 670 790 die,
690 743 861 781 convivia
879 743 1026 792 quaerit‚

137 797 347 846 Iliacosque
366 798 502 835 iterum
522 797 673 834 demens
693 797 820 834 audire
838 797 983 834 labores

135 850 330 900 Exposeit‚
350 850 561 900 pendetque
579 850 719 887 iterum
737 850 923 887 narrantis
943 850 989 887 ab
1009 864 1082 887 ore.

136 903 243 950 Post,
262 904 328 941 ubi
347 904 514 954 digressi,
533 904 733 952 lumenque
753 903 910 940 obseura
927 902 1092 940 Vicissim

138 956 248 993 Luna
266 957 416 1007 premit,
436 957 667 1007 suadentque
687 957 858 994 cadentia
877 956 996 994 sidera
1015 970 1177 1002 somnos,

138 1009 224 1047 Sola
243 1010 354 1048 domo
372 1012 504 1048 maeret
522 1024 650 1056 vacua,
670 1010 870 1060 stratisque
888 1009 1028 1047 relictis

138 1062 323 1101 Incubat:
352 1063 461 1100 illum
480 1064 611 1101 absens
631 1063 824 1100 absentem
843 1063 1021 1113 auditque
1039 1063 1228 1112 videtque.

137 1117 219 1153 Aut
238 1117 381 1166 gremio
400 1117 619 1163 Ascanium,
639 1116 820 1166 genitoris
839 1116 1003 1167 imagine
1022 1119 1143 1166 capta,

138 1169 309 1216 Detinet,
329 1170 527 1207 infandum
546 1170 577 1207 si
595 1170 721 1207 fallere
740 1170 859 1220 possit
878 1183 1056 1207 amorem.

96 1269 100 1274 „
138 1222 230 1260 Non
249 1226 384 1273 eoeptae
403 1225 607 1274 assurglmt
626 1226 771 1269 turres3
798 1236 875 1260 non
894 1236 997 1260 arma
1009 1223 1192 1274 juventus

138 1276 311 1323 Exercet,
331 1279 510 1326 portusve
530 1279 595 1314 aut
614 1277 894 1327 propugnacula
912 1276 1009 1314 bello

138 1329 240 1367 Tuta
257 1332 392 1380 parant
409 1347 416 1368 :
445 1330 612 1380 pendent
631 1343 742 1380 opera
760 1330 984 1380 interrupta,
1003 1329 1190 1379 minaeque

138 1382 339 1421 Murorum
358 1383 545 1433 ingentes,
564 1386 785 1434 aequataque
804 1383 979 1420 maehina
997 1383 1102 1420 coelo.

192 1436 315 1482 Quam
334 1437 445 1473 simul
464 1450 506 1474 ae
525 1437 593 1474 tali
612 1437 796 1487 persensit
815 1439 920 1487 peste
938 1436 1060 1474 teneri

140 1488 235 1526 Cara
254 1489 281 1526 J
284 1489 362 1527 ovis
382 1490 528 1541 conjux,
547 1503 616 1528 neo
635 1490 775 1528 famam
794 1491 943 1528 obstare
962 1489 1100 1535 furori;

140 1541 294 1579 Talibus
314 1544 534 1593 aggreditur
551 1544 738 1581 Venerem
757 1543 934 1581 Saturnia
952 1543 1063 1580 dietis
1078 1560 1085 1580 :

140 1597 161 1613 “
177 1595 384 1646 Egregiam
401 1610 489 1634 vero
507 1597 658 1634 laudem
677 1599 715 1634 et
735 1597 853 1647 spolia
872 1597 996 1646 ampla
1013 1595 1159 1634 refertis

140 1647 273 1697 Tuque
292 1662 456 1698 puerque
473 1652 563 1687 tuus
578 1666 586 1695 ;
613 1663 796 1700 magnum
814 1653 853 1687 et
872 1649 1111 1687 memorabile
1130 1661 1282 1693 numen,

139 1700 229 1737 Una
247 1701 331 1738 dolo
351 1702 481 1739 divum
500 1703 532 1739 si
550 1703 689 1740 femina
706 1704 808 1740 victa
826 1703 985 1740 duorum
1005 1705 1074 1740 est.

139 1752 222 1791 Nec
242 1767 302 1791 me
321 1755 412 1792 adeo
430 1755 539 1801 fallit,
558 1756 718 1793 veritam
737 1758 779 1793 te·
795 1756 934 1793 moenia
952 1758 1093 1801 nostra,

139 1806 339 1856 Suspectas
358 1808 533 1845 habuisse
552 1809 682 1846 domos
703 1808 943 1859 Carthaginis
962 1808 1062 1846 altae.

140 1859 213 1897 Sed
233 1861 315 1910 quis
335 1861 406 1898 erit
426 1861 591 1899 modus?
620 1864 686 1899 aut
706 1875 779 1911 quo
798 1876 898 1899 nune
918 1861 1124 1899 certamina
1140 1859 1282 1898 tanta?

140 1913 241 1959 Quin
260 1914 387 1963 potius
405 1928 536 1964 paoem
554 1917 735 1952 aeternam
754 1917 959 1965 pactosque
977 1915 1196 1965 hymenaeos

139 1966 369 2004 Exereemus
385 1967 401 2005 P
430 1968 556 2013 habes,
575 1970 660 2005 tota
678 1969 778 2018 quod
796 1971 923 2006 mente
941 1968 1094 2018 petisti:

139 2020 261 2057 Ardet
281 2033 410 2058 amans
430 2021 543 2067 Dido,
562 2021 754 2071 traxitque
772 2035 837 2071 per
856 2035 939 2059 ossa
957 2021 1132 2058 furorem.

139 2072 390 2111 Communem
409 2074 510 2111 hunc
530 2088 619 2124 ergo
639 2075 820 2124 populum
838 2075 1063 2125 paribusque
1082 2087 1256 2125 regamus

138 2126 352 2176 Auspiciis3
380 2127 492 2164 liceat
512 2127 683 2178 Phrygio
703 2128 839 2165 servire
858 2128 1007 2173 marito,

139 2178 364 2230 Dotalisque
382 2183 462 2218 tuae
483 2180 618 2230 Tyrios
636 2181 856 2231 permittere
875 2181 1057 2218 dextrae.”

193 2232 441 2271 Olli—sensit
461 2234 562 2272 enim
581 2234 758 2272 simulata
775 2237 904 2272 mente
922 2234 1101 2281 locutam,

141 2285 223 2331 Quo
242 2300 403 2337 regnum
418 2287 544 2324 Italiae
563 2287 725 2337 Libycas
745 2290 931 2325 averteret
951 2301 1086 2325 oras——

143 2337 202 2376 Sic
221 2343 351 2377 eontra
370 2342 431 2385 est
446 2340 615 2390 ingressa
632 2341 760 2379 Venus
775 2358 782 2379 :
812 2344 832 2360 “
847 2341 939 2388 Quis
957 2341 1049 2378 talia
1067 2342 1219 2379 demens

142 2391 308 2439 Abuuat,
327 2396 394 2431 aut
412 2396 541 2431 tecum
558 2394 666 2432 malit
685 2395 910 2432 contendere
928 2394 1058 2432 bello?

145 2443 185 2480 Si
202 2446 323 2492 modo,
343 2447 444 2497 quod
461 2461 658 2494 memoras,
677 2448 820 2486 factum
840 2448 995 2485 fortuna
1013 2450 1202 2499 sequatur.

145 2495 218 2534 Sed
234 2498 321 2536 fatis
339 2500 483 2538 incerta
500 2500 610 2548 feror,
629 2501 661 2538 si
680 2500 834 2552 Jupiter
850 2515 966 2539 unam

144 2548 238 2588 Esse
254 2552 347 2590 velit
365 2553 489 2604 Tyriis
508 2554 640 2591 urbem
659 2554 843 2605 Trojaque
862 2554 1050 2605 profectiS,

142 2601 335 2644 Miscerive
352 2606 487 2657 probet
505 2607 674 2658 populos,
694 2610 760 2645 aut
778 2608 918 2645 foedera
930 2607 1052 2659 jungi.

1322 107 1397 146 173
