1674 2775
638 111 829 139 AEmmos
848 111 933 138 Lm.
953 113 1031 139 ΧΠ.
1403 103 1482 140 387

193 209 284 260 Ipse
303 222 389 247 suas
409 208 523 254 artes,
543 220 611 245 sua
628 221 798 253 munera,
817 207 933 245 laetus
952 206 1092 258 Apollo

191 263 414 314 Augm-ium
433 261 694 311 citharamque
714 261 830 299 dabat
849 261 1061 312 celeresque
1081 261 1256 312 sagittas.

190 316 275 364 me,
296 319 343 354 ut
362 315 530 366 depositi
547 315 734 366 proferret
753 315 835 353 fata
852 315 1036 366 parentis,

193 369 297 409 Scire
315 372 528 422 potestates
548 369 758 407 herbarum
776 382 964 420 usumque
983 368 1160 407 medendi

191 1171 347 1218 Maluit,
367 1173 407 1210 et
426 1173 554 1210 mutas
573 1171 719 1223 agitare
737 1172 923 1223 inglorius
943 1174 1056 1211 artes.

192 1225 329 1264 Stabat
348 1226 482 1264 acerba
500 1226 676 1273 fremens,
695 1226 894 1277 ingentem
914 1227 1025 1264 nixus
1045 1227 1085 1264 in
1104 1226 1268 1273 hastam,

191 1279 346 1326 AEneas,
364 1293 507 1331 magno
519 1280 708 1330 juvenum
727 1283 766 1318 et
786 1280 980 1318 maerentis
1002 1280 1080 1318 Iuli

192 1333 401 1380 concursu,
420 1333 585 1371 lacrimis
604 1334 823 1372 immobilis
879 1334 951 1372 Ille
970 1337 1117 1373 retorto

191 1386 391 1426 Paeonium
409 1387 450 1425 in
468 1401 614 1426 morem
633 1388 758 1426 senior
777 1388 994 1426 succinctus
1014 1389 1171 1435 amictu,

191 1440 323 1479 Multa
340 1455 459 1479 manu
477 1442 624 1480 medica
643 1442 855 1493 Phoebique
874 1443 1100 1493 potentibus
1121 1442 1247 1480 herbis

190 1494 464 1546 Nequidquam
482 1496 663 1547 trepidat,
682 1496 940 1547 nequidquam
960 1496 1106 1547 spicula
1124 1496 1258 1534 dextra

191 1548 394 1597 Sollicitat,
413 1552 644 1601 prensatque
662 1550 790 1588 tenaci
808 1550 950 1601 forcipe
970 1550 1125 1588 ferrum.

189 1602 312 1641 Nulla
328 1603 431 1641 viam
450 1603 606 1641 fortuna
624 1604 749 1655 regit;
778 1603 877 1642 nihil
896 1607 1030 1642 auctor
1049 1603 1192 1655 Apollo

191 1656 403 1704 Subvenit;
431 1660 471 1696 et
491 1671 612 1695 saevus
632 1658 775 1708 campis
794 1658 918 1709 magis
939 1672 981 1696 ac
1000 1658 1124 1709 magis
1144 1657 1280 1695 horror

191 1709 418 1758 Crebrescit,
437 1711 666 1763 propiusque
685 1712 830 1750 malum
851 1714 921 1750 est.
979 1711 1007 1749 J
1009 1725 1072 1750 am
1090 1711 1246 1763 pulvere
1265 1709 1404 1748 coelura

191 1763 303 1802 Stare
320 1765 477 1812 vident;
506 1765 748 1817 subeuntque
768 1766 927 1817 equites,
948 1768 987 1804 et
1008 1765 1152 1816 spicula
1171 1764 1305 1803 castris

190 1817 323 1856 Densa
341 1819 483 1857 cadunt
501 1819 649 1858 mediis.
709 1819 751 1858 It
770 1820 895 1858 tristis
915 1820 964 1857 ad
982 1820 1126 1858 aethcra
1145 1819 1289 1857 clamor

190 1871 416 1910 Bellantum
429 1872 627 1924 juvenum,
647 1875 687 1911 et
706 1874 801 1912 duro
821 1874 892 1911 sub
912 1873 1043 1911 Marte
1063 1873 1282 1911 cadentum.

190 1925 271 1964 Hic
289 1926 433 1973 Venus,
451 1926 612 1978 indigno
630 1927 714 1965 nati
733 1941 917 1965 concussa
935 1927 1075 1974 dolore,

190 1979 446 2018 Dictamnum
464 1981 641 2032 genetrix
661 1980 812 2019 Cretaea
831 1981 955 2032 carpit
974 1981 1022 2019 ab
1041 1981 1126 2028 Ida,

191 2032 407 2072 Puberibus
427 2034 575 2073 caulem
593 2035 695 2073 foliis
715 2037 754 2073 et
772 2035 864 2073 flore
883 2036 1101 2073 comantem

191 2086 412 2139 Purpureo:
440 2102 521 2127 non
538 2088 606 2126 illa
623 2088 712 2127 feris
731 2089 931 2140 incognita
949 2089 1071 2140 capris

191 2141 387 2189 Gramina,
407 2156 526 2193 quum
544 2144 657 2194 tergo
675 2142 847 2181 volucres
866 2143 1011 2181 haesere
1031 2142 1201 2194 sagittae.

190 2195 281 2234 Hoc
298 2196 442 2243 Venus,
461 2197 622 2235 obscuro
640 2196 777 2235 faciem
796 2197 1033 2235 circumdata
1051 2197 1196 2243 nimbo,

191 2248 368 2297 Detulit3
396 2251 470 2289 hoc
488 2251 618 2288 fusum
634 2251 750 2289 labris
769 2251 1059 2302 splendentibus
1079 2264 1233 2288 amnem

190 2301 336 2351 Inficit,
355 2305 503 2343 occulte
521 2304 714 2343 medicans
729 2321 737 2351 ;
765 2305 987 2356 spargitque
1006 2304 1176 2343 salubres

190 2356 403 2396 Ambrosiae
422 2372 543 2406 SUCOS,
563 2361 602 2397 et
621 2359 848 2397 odoriferam
866 2372 1083 2410 panaceam.

192 2409 310 2448 Fovit
329 2424 373 2449 ea
390 2412 530 2450 vulnus
547 2412 708 2464 lympha
725 2413 924 2464 longaevus
943 2413 1049 2463 Iapis

191 2463 382 2515 Ignorans
398 2482 407 2513 3
435 2466 640 2517 subitoque
659 2467 782 2504 omnis
802 2467 848 2505 de
867 2480 1023 2517 corpore
1040 2465 1144 2517 fugit

192 2517 342 2569 Quippe
361 2518 490 2567 dolor3
518 2520 641 2558 omnis
661 2520 774 2558 stetit
791 2520 870 2559 imo
889 2520 1046 2558 vulnere
1065 2519 1232 2570 sanguis.

191 2571 359 2623 Jamque
377 2575 509 2611 secuta
525 2587 695 2620 manum,
714 2574 821 2612 nullo
841 2576 1014 2624 cogente,
1034 2573 1181 2624 sagitta

190 2625 362 2675 Excidit,
381 2629 496 2678 atque
514 2641 625 2665 novae
642 2627 787 2666 rediere
804 2627 846 2665 in
863 2627 1028 2678 pristina.
1045 2627 1158 2666 vires.
