1705 2744
172 82 247 119 128
568 91 602 116 P.
623 89 811 116 vinoun
830 88 1018 116 MARoms

174 187 286 234 Quod
303 186 437 237 pelago
456 188 495 224 et
515 185 637 223 curvis
657 198 784 223 secum
802 197 956 222 avexere
975 183 1122 222 carinis.

174 242 229 278 Et
247 254 359 287 nunc,
379 240 480 290 quod
497 239 638 290 patrias
657 241 772 276 vento
791 238 933 288 petiere
951 238 1148 289 Mycenas,

174 296 294 331 Arma
312 294 473 343 deosque
492 295 628 342 parant
647 292 816 337 comites,
835 291 1041 341 pelagoque
1060 302 1231 328 remenso

175 347 379 398 Improvisi
398 346 570 384 aderunt.
627 345 692 381 Ita
710 344 849 394 digerit
868 344 995 382 omina
1014 344 1183 382 Calchas.
1235 363 1237 365 ·

175 401 290 438 Hanc
308 414 376 450 pro
396 399 580 444 Palladio,
599 398 748 444 moniti,
768 411 835 447 pro
854 397 1009 435 numine
1027 397 1127 444 laeso,

176 454 356 504 Effigiem
376 455 554 498 statuere,
573 451 677 489 nefas
697 464 779 501 quae
797 450 909 488 triste
927 450 1060 501 piaret.

175 508 291 544 Hanc
310 509 439 544 tamen
457 506 682 542 immensam
702 503 860 541 Calchas
879 503 1052 542 attollere
1071 504 1211 544 molem

177 560 392 598 Roboribus
410 559 540 605 textis,
560 558 721 607 caeloque
741 557 895 594 educere
909 557 1036 607 jussit,

177 614 239 651 Ne
258 613 372 663 recipi
389 612 522 662 portis,
542 614 608 649 aut
628 611 714 648 duci
732 610 772 647 in
790 610 931 647 moenia
947 610 1068 660 possit
1083 626 1091 656 ;

178 668 267 705 Neu
285 666 466 717 populum
485 666 642 715 antiqua
660 664 729 701 sub
748 663 928 714 religione
945 663 1056 701 tueri.

179 721 294 767 Nam,
315 721 346 757 si
364 722 490 757 Vestra
508 732 642 756 manus
661 718 838 755 violasset
858 717 956 754 dona
976 717 1176 763 Minervae,

179 774 280 811 Tum
299 787 484 823 magnum
503 772 659 810 exitium
686 771 805 821 (quod
823 770 862 807 di
879 770 983 820 prius
1003 783 1115 808 omen
1131 770 1173 807 in
1190 769 1317 820 ipsum

181 827 416 865 Convertant
429 827 456 875 l)
489 825 632 863 Priami
650 824 807 874 imperio
827 823 1120 874 Phrygibusque
1138 823 1325 860 futurum.

181 881 248 917 Sin
267 880 440 918 manibus
459 879 595 917 vestris
614 880 781 915 vestram
799 877 1027 914 ascendisset
1044 877 1085 914 in
1104 876 1249 924 urbem,

182 934 297 972 Ultro
315 933 448 970 Asiam
466 945 606 983 magno
626 931 789 981 Pelopea
807 931 854 968 ad
872 930 1013 967 moenia
1030 930 1128 967 bello

181 987 404 1033 Venturam,
424 989 463 1024 et
482 988 632 1023 nostros
651 998 695 1022 ea
712 985 791 1022 fata
808 997 959 1021 manere
978 983 1159 1034 nepotes?

181 1039 337 1078 Talibus
355 1039 501 1077 insidiis
519 1039 732 1090 perjurique
751 1040 832 1075 arte
851 1037 1001 1075 Sinonis

183 1094 338 1132 Credita
354 1107 424 1140 res,
445 1093 620 1143 captique
639 1092 733 1129 dolis
752 1090 988 1140 lacrimisque
1008 1090 1159 1137 coactis,

184 1148 286 1194 Quos
305 1161 425 1197 neque
446 1146 623 1197 Tydides,
643 1159 711 1182 nec
731 1144 937 1182 Larissaeus
957 1144 1136 1191 Achilles,

184 1202 275 1239 Non
295 1201 383 1238 anni
402 1201 579 1238 domuere
599 1198 739 1244 decem,
758 1211 836 1235 non
854 1197 957 1234 mille
976 1197 1122 1234 carinae.

237 1254 350 1292 “Hic
369 1253 472 1291 aliud
488 1251 610 1303 majus
629 1250 774 1288 miseris
793 1251 991 1301 multoque
1010 1250 1251 1288 tremendum

185 1306 373 1358 Objicitur
391 1306 525 1357 magis,
545 1308 659 1355 atque
677 1304 890 1355 improvida
906 1306 1062 1354 pectora
1079 1304 1222 1342 turbat.

185 1361 373 1407 Laocoon,
392 1360 529 1397 ductus
548 1359 732 1409 Neptuno
752 1359 853 1395 sorte
871 1358 1054 1403 sacerdos,

186 1415 379 1452 Solemnes
397 1416 552 1451 taurum
570 1412 766 1462 ingentem
785 1410 979 1448 mactabat
999 1411 1046 1447 ad
1064 1423 1158 1447 araS.

186 1468 286 1506 Eece
306 1470 434 1513 autem
448 1466 591 1517 gemini
610 1479 631 1502 a
650 1465 802 1502 Tenedo
820 1463 1025 1514 tranquilla
1042 1477 1108 1514 per
1126 1463 1204 1500 alta

191 1521 400 1571 (Horresco
418 1519 600 1569 referens)
622 1518 816 1556 immensis
835 1517 986 1555 orbibus
1006 1530 1148 1567 angues

187 1575 425 1612 Incumbunt
443 1573 588 1624 pelago,
607 1572 822 1622 pariterque
841 1571 889 1608 ad
906 1570 1020 1608 litora
1037 1570 1204 1608 tendunt
1219 1586 1226 1616 ;

189 1629 354 1666 Pectora
373 1640 534 1677 quorum
552 1626 653 1663 inter
670 1625 810 1662 fluctus
829 1626 974 1661 arrecta
987 1623 1165 1674 jubaeque

189 1681 413 1732 Sanguineae
432 1681 658 1730 exsuperant
678 1678 821 1724 undas3
848 1691 934 1728 pars
954 1679 1079 1714 cetera
1096 1679 1261 1727 pontum

189 1735 295 1773 Pone
313 1734 420 1784 legit,
440 1733 668 1783 sinuantque
685 1732 870 1769 immensa
887 1730 1078 1768 volumine
1097 1733 1228 1781 terga3

190 1788 258 1826 Fit
279 1788 437 1833 sonitus,
457 1786 658 1837 spumante
678 1785 767 1822 salo.
822 1784 987 1834 Jamque
1006 1797 1096 1821 arva
1112 1783 1307 1829 tenebant,

190 1842 453 1891 Ardentesque
472 1839 599 1878 oculos
619 1839 767 1877 suffecti
786 1837 969 1888 sanguine
988 1839 1027 1875 et
1045 1837 1138 1887 igni,

191 1894 310 1932 Sibila
326 1894 546 1932 lambebant
563 1893 705 1943 linguis
724 1891 961 1929 vibrantibus
980 1904 1056 1928 ora.

192 1947 427 1998 Diffugimus
446 1947 531 1984 visu
549 1959 777 1996 exsangues:
805 1945 861 1982 illi
879 1944 1030 1995 agmine
1049 1946 1152 1981 certo

192 2000 411 2038 Laocoonta
428 2002 578 2050 petunt.
634 2000 689 2036 Et
708 1999 874 2049 primum
891 2011 1007 2048 parva
1025 1997 1186 2035 duorum

192 2052 359 2103 Corpora
377 2057 555 2091 natorum
574 2066 726 2102 serpens
745 2052 938 2101 amplexus
957 2053 1116 2100 uterque

192 2106 384 2156 Implicat,
405 2109 444 2143 et
462 2106 617 2143 miseros
636 2119 765 2142 morsu
783 2104 997 2154 depascitur
1016 2106 1144 2148 artus;

192 2159 288 2197 Post
307 2160 444 2209 ipsum,
465 2159 602 2196 auxilio
622 2159 847 2196 subeuntem
867 2171 908 2194 ac
926 2157 1005 2194 tela
1022 2156 1217 2201 ferentem,

193 2212 426 2263 Corripiunt,
447 2212 628 2262 spirisque
648 2212 771 2261 ligant
789 2209 1030 2261 ingentibus3
1059 2211 1098 2247 et
1111 2209 1192 2259 jam

193 2266 262 2304 Bis
281 2266 450 2304 medium
469 2265 641 2315 amplexi,
660 2265 718 2302 bis
737 2264 832 2302 collo
851 2276 1028 2313 squamea
1046 2262 1187 2300 circum

193 2320 319 2370 Terga
337 2319 428 2366 dati,
450 2321 630 2368 superant
649 2318 772 2367 capite
790 2319 829 2355 et
848 2316 1054 2354 cervicibus
1074 2316 1174 2354 altis.

194 2373 267 2411 Ille
287 2373 400 2410 simul
419 2372 592 2409 manibus
612 2371 739 2409 tendit
758 2370 933 2407 divellere
952 2369 1082 2416 nodos,

194 2426 376 2464 Perfusus
397 2425 498 2463 sanie
517 2425 636 2462 vittas
655 2427 811 2474 atroque
830 2436 998 2469 venen03

195 2479 387 2517 Clamores
407 2479 520 2516 simul
538 2478 746 2516 horrendos
765 2477 813 2515 ad
831 2477 953 2514 sidera
970 2475 1096 2514 tollit:

195 2533 325 2579 Qualis
344 2532 529 2583 mugitus,
549 2532 651 2582 fugit
670 2545 788 2581 quum
807 2530 953 2568 saucius
974 2543 1077 2567 aram

195 2586 353 2633 Taurus,
374 2589 412 2623 et
430 2586 615 2623 incertam
634 2585 798 2623 excussit
817 2583 959 2629 cervice
979 2582 1150 2621 securim.
