1705 2744
586 88 827 118 GEORGIOON
845 88 928 114 LIB.
949 87 1017 113 ΠΙ.

167 188 284 227 Fovit
302 188 476 225 humum.
533 185 633 237 Cape
653 199 741 223 saxa
758 198 885 230 manu,
906 196 994 234 cape
1012 182 1157 230 robora,
1176 184 1317 233 pastor,

167 242 455 291 Tollentemque
473 240 595 278 minas
614 242 653 277 et
673 239 782 276 sibila
799 238 894 276 colla
906 239 1123 274 tumentem

167 296 320 346 Dejice3
344 295 497 346 jamque
516 294 608 344 fuga
624 292 806 330 timidum
825 293 939 342 caput
959 290 1104 328 abdidit
1124 289 1210 336 alte,

168 349 297 396 Quum
315 348 431 386 medii
448 361 566 385 nexus
586 348 839 395 extremaeque
858 344 1012 395 agmina
1030 343 1159 381 caudae

168 402 389 449 Solvuntur,
407 401 611 450 tardosque
629 399 752 437 trahit
771 399 874 436 sinus
893 398 1054 435 ultimus
1074 397 1194 435 orbes.

168 456 243 493 Est
262 456 378 494 etiam
395 455 458 492 ille
476 455 598 492 malus
618 453 785 490 Calabris
804 452 845 489 in
863 452 1023 489 saltibus
1042 450 1188 501 anguis,

168 509 356 558 Squamea
374 508 599 547 convolvens
618 508 767 545 sublato
785 508 936 556 pectore
954 508 1074 555 terga,

169 563 299 612 Atque
317 562 420 600 notis
438 562 593 612 longam
611 560 824 598 maculosus
843 559 1050 610 grandibus
1069 557 1209 604 alvum,

169 616 256 663 Qui,
276 616 367 653 dum
386 629 515 653 amnes
534 614 602 652 ulli
620 616 851 664 rumpuntur
868 612 1049 658 fontibus,
1069 613 1108 649 et
1127 611 1220 648 dum

169 669 267 707 Vere
286 669 442 707 madent
460 669 536 706 udo
554 670 667 705 terrae
687 681 728 705 ac
746 666 972 717 pluvialibus
991 665 1142 712 austris,

170 722 317 774 Stagna
335 723 425 760 colit
440 739 447 768 ;
475 722 640 772 ripisque
658 721 847 766 habitans,
867 720 929 757 hic
947 719 1112 769 piscibus
1132 720 1255 756 atram

170 776 375 827 Improbus
394 775 603 826 ingluviem
620 775 795 824 ranisque
813 773 1030 823 loquacibus
1049 772 1196 823 explet:

171 829 383 879 Postquam
402 831 534 866 exusta
552 828 670 879 palus,
689 830 874 876 terraeque
894 827 1024 864 ardore
1043 826 1257 871 dehiscunt,

170 883 313 921 Exsilit
331 883 372 920 in
391 883 542 928 siccum,
563 883 602 919 et
621 881 858 918 flammantia
874 880 1019 917 lumina
1036 882 1218 929 torquens

173 936 291 974 Saevit
311 936 423 986 agris,
444 948 624 985 asperque
643 935 708 972 siti
727 937 841 984 atque
861 933 1063 972 exterritus
1082 936 1192 971 aestu.

171 990 234 1027 Ne
252 990 348 1027 mihi
366 991 452 1026 tum
470 989 603 1026 molles
622 989 692 1025 sub
711 988 798 1025 divo
818 1001 967 1038 carpere
986 1001 1150 1034 somnos,

171 1043 262 1080 Neu
280 1043 390 1080 dorso
409 1042 572 1080 nemoris
591 1042 707 1079 libeat
720 1041 882 1092 jacuisse
901 1054 967 1091 per
985 1041 1132 1087 herbas,

173 1097 300 1143 Quum
319 1096 452 1146 positis
471 1109 591 1133 novus
611 1095 755 1132 exuviis
774 1095 992 1144 nitidusque
1006 1094 1168 1144 juventa

171 1149 362 1196 Volvitur,
382 1152 449 1187 aut
468 1149 613 1187 catulos
632 1149 746 1186 tectis
767 1151 833 1186 aut
853 1161 924 1185 ova
941 1148 1168 1197 relinquens,

172 1204 327 1241 Arduus
346 1203 394 1240 ad
412 1203 540 1249 solem,
560 1204 598 1240 et
616 1202 757 1253 linguis
776 1201 892 1239 micat
912 1214 974 1239 ore
992 1201 1171 1239 trisulcis.

228 1257 455 1295 Morborum
474 1269 622 1306 quoque
640 1259 680 1293 te
700 1269 830 1293 causas
849 1258 888 1292 et
906 1255 1017 1305 signa
1035 1255 1188 1293 docebo.

174 1310 312 1361 Turpis
332 1324 419 1348 oves
438 1312 566 1348 tentat
586 1309 739 1356 scabies,
759 1309 825 1347 ubi
843 1309 1003 1359 frigidus
1022 1308 1144 1346 imber

174 1364 304 1401 Altius
324 1364 371 1401 ad
389 1364 520 1401 vivum
539 1363 704 1414 persedit
723 1365 762 1400 et
780 1363 935 1400 horrida
953 1376 1046 1400 cano

175 1417 322 1455 Bruma
339 1417 449 1468 gelu3
476 1417 537 1454 vel
556 1430 673 1467 quum
691 1416 813 1454 tonsis
832 1416 962 1454 illotus
982 1416 1143 1453 adhaesit

177 1471 311 1517 Sudor,
331 1474 370 1509 et
388 1471 528 1508 hirsuti
547 1472 747 1508 secuerunt
767 1483 922 1520 corpora
939 1483 1071 1520 vepres

177 1523 363 1562 Dulcibus
381 1524 520 1562 idcirco
538 1524 663 1561 fluviis
681 1537 794 1574 pecus
814 1537 926 1561 omne
944 1523 1121 1573 magistri

178 1577 431 1624 Perfundunt,
450 1577 608 1627 udisque
628 1577 721 1614 aries
741 1577 780 1614 in
799 1577 953 1627 gurgite
972 1576 1072 1614 villis

179 1631 384 1677 Mematur,
403 1631 613 1680 missusque
633 1631 795 1668 secundo
814 1630 946 1668 defluit
967 1629 1069 1666 amni
1086 1646 1094 1675 ;

178 1684 261 1721 Aut
280 1686 435 1721 tonsum
452 1684 557 1721 tristi
574 1684 804 1735 contingunt
823 1697 956 1734 corpus
976 1696 1138 1729 amurca,

178 1738 235 1774 Et
254 1751 406 1787 spumas
424 1737 585 1775 miscent
604 1737 763 1788 argenti,
782 1737 942 1786 vivaque
961 1737 1113 1783 sulfura,

180 1790 380 1840 Idaeasque
398 1791 510 1841 piceS,
531 1793 569 1828 et
588 1791 748 1841 pingues
766 1791 936 1840 unguine
955 1804 1068 1835 ceras,

180 1844 418 1894 Scillamque,
438 1844 693 1894 elleborosque
711 1857 856 1895 graves,
874 1844 1102 1894 nigrumque
1119 1842 1306 1880 bitumen.

180 1897 273 1934 Non
292 1900 422 1935 tamen
441 1898 518 1935 ulla
536 1899 658 1948 magis
676 1911 841 1948 praesens
860 1898 1015 1935 fortuna
1032 1897 1205 1934 laborum
1223 1899 1294 1943 est,

180 1951 305 1997 Quam
325 1951 356 1988 si
376 1951 458 2001 quis
478 1952 576 1989 ferro
595 1951 723 2001 potuit
742 1951 952 1989 rescindere
972 1963 1167 1987 summum

180 2004 328 2042 Ulceris
348 2018 399 2042 os.
455 2005 586 2042 Alitur
604 2005 743 2042 vitium
760 2004 931 2054 vivitque
949 2003 1126 2054 tegendo,

182 2057 289 2096 Dum
306 2058 470 2096 medicas
490 2058 666 2096 adhibere
685 2072 820 2095 manus
839 2058 887 2095 ad
905 2057 1061 2095 vulnera
1078 2062 1208 2107 pastor

181 2111 373 2162 Abnegat,
393 2114 460 2149 aut
478 2111 634 2149 meliora
653 2112 741 2149 deos
761 2112 866 2149 sedet
886 2111 1012 2149 omina
1031 2124 1201 2161 poscens.

183 2165 284 2212 Quin
303 2165 430 2213 etiam,
448 2165 526 2203 ima
544 2165 650 2203 dolor
668 2166 866 2203 balantum
884 2165 1010 2215 lapsus
1030 2165 1077 2202 ad
1096 2178 1181 2202 ossa

183 2219 308 2265 Quum
330 2219 434 2266 furit,
454 2221 568 2269 atque
587 2221 693 2257 artus
713 2219 929 2270 depascitur
947 2218 1052 2256 arida
1070 2218 1195 2265 febris,

183 2271 334 2310 Profuit
353 2273 524 2310 incensos
543 2275 659 2310 aestus
679 2275 859 2319 avertere,
878 2275 918 2310 et
936 2272 1037 2310 inter

184 2325 270 2363 Ima
287 2326 396 2364 ferire
414 2327 518 2377 pedis
539 2326 736 2364 salientem
755 2326 939 2377 sanguine
958 2339 1117 2372 venam;

183 2378 341 2417 Bisaltae
361 2393 435 2429 quo
454 2393 558 2418 more
578 2380 713 2427 solent,
733 2393 890 2430 acerque
909 2380 1090 2425 Gelonus,

185 2431 312 2478 Quum
330 2433 430 2484 fugit
449 2433 489 2470 in
508 2433 734 2484 Rhodopen,
754 2436 868 2483 atque
886 2433 925 2470 in
945 2433 1094 2471 deserta
1113 2432 1310 2477 Getarum,

185 2485 241 2522 Et
258 2485 315 2523 lac
335 2489 554 2524 concretum
573 2501 661 2525 cum
680 2488 864 2538 sanguine
881 2489 993 2537 potat
1013 2486 1161 2536 equino.

239 2539 362 2585 Quam
379 2540 511 2590 procul
530 2543 597 2578 aut
616 2541 722 2578 molli
741 2541 937 2579 succedere
957 2540 1094 2590 saepius
1113 2539 1260 2576 umbrae

186 2590 346 2641 Videris,
365 2596 433 2632 aut
452 2608 619 2632 summas
638 2597 858 2646 carpentem
875 2594 1050 2645 ignavius
1064 2593 1212 2639 herbas,

1387 75 1438 114 77
