1705 2744
629 85 819 112 AEimmos
838 85 921 112 ΠΒ.
941 85 1000 112 vr.
1373 77 1451 115 229

177 183 232 222 Di
250 182 356 233 cujus
369 181 496 233 jurare
513 180 655 218 timent
674 182 713 218 et
732 179 860 217 fallere
878 193 1031 217 numen.

178 237 278 274 Haec
294 235 428 281 omnis,
444 247 559 284 quam
575 233 708 279 cernis,
722 233 832 283 inops
846 233 1122 283 inhumataque
1136 234 1251 272 turba
1264 236 1322 272 est
1337 250 1345 282 ;

179 289 352 327 Portitor
370 288 445 333 ille,
465 287 638 333 Charon3
666 286 719 332 hi,
739 300 832 336 quos
850 286 958 323 vehit
977 286 1090 333 unda,
1111 287 1261 337 sepulti.

178 343 262 380 Nec
281 342 381 392 ripas
401 341 513 378 datur
531 339 736 377 horrendas
756 342 795 377 et
813 352 926 376 rauca
943 339 1088 377 fluenta

180 395 454 445 Transportare
473 392 590 443 prius,
610 405 725 443 quam
744 392 894 429 sedibus
915 406 999 429 ossa
1018 393 1208 442 quierunt.

180 448 346 486 Centum
367 449 494 485 errant
513 459 642 492 annos,
661 445 901 495 volitantque
920 445 999 482 haec
1018 446 1132 483 litora
1151 447 1314 485 circum:

179 501 281 538 Tum
301 501 455 538 demum
473 499 627 537 admissi
646 500 783 549 stagna
801 500 982 549 exoptata
999 499 1210 536 revisunt.”

180 553 367 592 Constitit
386 552 555 590 Anchisa
573 554 689 599 satus,
709 555 748 589 et
766 552 928 602 vestigia
946 552 1094 601 pressit,

179 607 311 645 Multa
328 608 480 657 putanS,
500 608 715 655 sortemque
734 605 859 642 animo
879 605 1078 642 miseratus
1097 605 1279 656 iniquam.

181 660 313 698 Cernit
331 659 385 697 ibi
402 661 557 696 maestos
577 661 616 696 et
635 658 769 696 mortis
788 659 932 696 honore
951 661 1121 695 carentes

180 713 406 763 Leucaspim
425 714 464 750 et
483 711 613 762 Lyciae
632 712 828 749 ductorem
847 711 974 748 classis
994 711 1201 750 Orontem:

182 767 285 813 Quos
304 765 419 803 simul
437 778 459 802 a
478 765 591 815 Troja
609 767 767 802 ventosa
785 778 851 815 per
872 777 1023 814 aequora
1041 768 1170 802 vectos

181 819 320 857 Obruit
339 821 477 865 auster,
497 832 594 868 aqua
610 818 806 855 involvens
824 831 1034 868 navemque
1053 818 1238 869 virosque.

234 873 334 910 Ecce
353 872 584 923 gubernator
603 884 681 908 sese
700 871 903 908 Palinurus
923 871 1081 921 agebat:

182 926 256 973 Qui
276 925 422 976 Libyco
440 938 560 974 nuper
579 938 701 971 cursu,
721 924 813 961 dum
832 924 953 961 sidera
971 927 1108 972 servat,

182 979 389 1017 Exciderat
407 978 526 1028 puppi
543 978 677 1015 mediis
697 978 836 1015 effusus
855 977 896 1014 in
915 977 1038 1014 undis.

182 1033 301 1070 Hunc
319 1031 386 1069 ubi
404 1031 469 1068 vix
487 1031 610 1069 multa
627 1034 806 1068 maestum
825 1031 1005 1081 cognovit
1023 1031 1064 1067 in
1082 1031 1228 1077 umbra,

183 1085 245 1123 Sic
263 1085 366 1136 prior
384 1084 611 1135 alloquitur:
642 1088 661 1103 “
676 1084 768 1131 Quis
787 1087 839 1130 te,
859 1084 1048 1130 Palinure,
1069 1084 1226 1122 deorum

182 1138 340 1189 Eripuit
358 1138 479 1184 nobis,
499 1138 697 1188 medioque
717 1138 787 1174 sub
807 1150 954 1186 aequore
973 1136 1137 1175 mersit?

182 1192 258 1230 Dic
276 1205 357 1242 age.
413 1191 592 1241 Namque
611 1191 717 1237 mihi,
737 1191 851 1228 fallax
869 1190 972 1228 haud
991 1192 1080 1228 ante
1098 1193 1283 1241 repertus,

183 1245 272 1283 Hoc
291 1258 367 1282 uno
387 1257 566 1294 responso
585 1244 756 1281 animum
775 1244 915 1281 delusit
934 1243 1086 1293 Apollo,

184 1298 259 1345 Qui
277 1298 356 1335 fore
374 1299 415 1335 te
433 1300 552 1348 ponto
571 1297 812 1344 incolumem,
832 1297 1000 1347 finesque
1020 1296 1179 1334 canebat

183 1351 402 1389 Venturum
421 1350 622 1388 Ausonios.
678 1351 741 1387 En
760 1351 843 1388 haec
862 1350 1049 1400 promissa
1066 1350 1158 1388 fides
1178 1353 1236 1389 est
1251 1351 1296 1390 ?”

184 1404 257 1442 Ille
276 1407 426 1442 autem:
456 1407 477 1423 “
490 1404 625 1453 Neque
644 1405 684 1441 te
704 1403 842 1441 Phoebi
860 1404 1007 1441 cortina
1025 1404 1170 1450 fefellit,

185 1457 277 1494 Dux
295 1457 537 1504 Anchisiada,
557 1470 625 1494 nec
644 1471 706 1495 me
725 1457 816 1495 deus
836 1470 982 1507 aequore
1002 1457 1146 1494 mersit.

184 1510 363 1560 Namque
381 1510 655 1560 gubernaclum
673 1511 798 1548 multa
815 1510 854 1547 vi
872 1511 970 1547 forte
989 1510 1192 1557 revulsum,

187 1562 259 1600 Cui
277 1563 389 1600 datus
408 1563 597 1601 haerebam
615 1566 755 1611 custos,
774 1577 978 1613 cursusque
996 1564 1185 1613 regebam,

187 1615 439 1666 Praecipitans
457 1616 558 1654 traxi
576 1630 737 1654 mecum.
793 1617 919 1653 Maria
937 1630 1067 1666 aspera
1079 1616 1179 1666 juro,

186 1668 279 1706 Non
298 1668 419 1705 ullum
436 1682 505 1718 pro
524 1683 585 1706 me
603 1672 758 1707 tantum
777 1669 916 1719 cepisse
934 1670 1124 1714 timorem,

187 1722 312 1768 Quam
329 1724 399 1759 tua
416 1735 474 1768 ne,
494 1722 656 1772 spoliata
675 1722 800 1768 annis,
820 1735 976 1760 excussa
993 1722 1190 1772 magistro,

187 1775 380 1812 Deficeret
398 1775 519 1812 tantis
538 1775 644 1812 navis
664 1775 908 1826 surgentibus
927 1775 1050 1812 undis

191 1828 284 1865 Tres
305 1830 419 1865 notus
439 1827 614 1865 hibernas
633 1829 820 1866 immensa
837 1841 904 1878 per
922 1841 1071 1878 aequora
1089 1830 1220 1865 noctes

187 1881 303 1918 Vexit
323 1894 383 1918 me
402 1881 592 1918 violentus
612 1895 729 1932 aqua3
758 1881 822 1918 vix
840 1881 983 1919 lumine
1003 1883 1138 1931 quarto

187 1934 371 1984 Prospexi
391 1934 547 1971 Italiam
566 1948 715 1972 summa
734 1935 905 1972 sublimis
925 1934 972 1971 ab
990 1934 1104 1971 unda.

188 1987 383 2025 Paulatim
403 1988 589 2025 adnabam
607 1990 721 2025 terrae
737 2004 744 2025 :
767 1988 850 2038 jam
868 1990 957 2024 tuta
974 1987 1152 2024 tenebam
1169 2002 1177 2033 ;

187 2041 244 2078 Ni
262 2054 355 2091 gens
375 2041 535 2078 crudelis
554 2042 706 2078 madida
725 2054 811 2078 cum
830 2043 935 2078 veste
954 2043 1168 2091 gravatum,

189 2094 513 2144 Prensantemque
532 2094 638 2131 uncis
658 2094 832 2131 manibus
851 2093 976 2144 capita
995 2107 1126 2143 aspera
1145 2093 1301 2140 montis,

189 2147 306 2185 Ferro
325 2147 536 2194 invasisset,
555 2147 797 2197 praedamque
815 2147 948 2197 ignara
964 2149 1150 2197 putasset.

189 2200 305 2238 Nunc
324 2214 385 2238 me
403 2200 542 2238 fluctus
562 2201 689 2247 habet,
708 2203 934 2251 versantque
953 2200 994 2237 in
1012 2200 1123 2238 litore
1142 2199 1260 2238 venti.

191 2252 302 2299 Quod
318 2256 358 2291 te
377 2267 443 2304 per
462 2254 547 2292 coeh'
559 2254 773 2304 jucundum
791 2254 920 2291 lumen
938 2256 977 2291 et
997 2267 1117 2300 auras,

192 2305 266 2343 Per
284 2307 497 2357 genitorem
516 2321 592 2354 oro,
611 2321 678 2358 per
697 2321 780 2358 spes
800 2307 991 2357 surgentis
1011 2306 1110 2344 Iuli:

192 2358 309 2409 Eripe
327 2373 387 2398 me
405 2361 478 2407 his,
495 2360 648 2408 invicte,
667 2361 798 2407 malis3
826 2363 893 2398 aut
911 2363 958 2398 tu
975 2360 1071 2397 mihi
1089 2362 1233 2397 terram

193 2410 324 2462 Injice,
343 2426 504 2464 namque
523 2416 642 2464 potes,
662 2417 869 2464 portusque
888 2413 1034 2464 require
1053 2413 1232 2459 Velinos3

193 2463 276 2502 Aut
294 2467 350 2511 tu,
369 2466 401 2503 si
419 2480 493 2517 qua
509 2467 571 2504 via
589 2469 658 2514 est,
679 2468 711 2505 si
729 2481 843 2517 quam
861 2467 935 2504 tibi
953 2467 1040 2504 diva
1058 2466 1220 2504 creatrix

193 2516 558 2570 Ostendit,—neque
578 2520 691 2567 enim,
712 2520 833 2567 credo,
854 2520 934 2559 sine
952 2519 1108 2557 numine
1127 2519 1259 2556 divum

194 2568 371 2610 Flumina
388 2574 500 2611 tanta
516 2587 625 2624 paras
645 2574 896 2624 Stygiamque
914 2573 1044 2611 innare
1062 2572 1293 2624 paludem—
