1705 2744
626 75 866 104 GEORGICON
884 76 967 103 LIB.
987 75 1045 103 IV.

199 172 296 210 Solae
315 184 533 210 communes
551 173 674 219 natos,
693 172 880 210 consortia
897 173 1002 209 tecta

200 226 317 264 Urbis
336 226 490 272 habent,
510 226 733 276 magnisque
752 225 903 276 agitant
922 225 992 262 sub
1010 224 1159 275 legibus
1179 237 1325 269 aevum3

200 280 256 317 Et
274 279 438 329 patriam
457 279 544 317 solae
563 282 603 316 et
622 282 744 316 certos
763 292 901 317 novere
918 280 1074 328 penates
1092 294 1100 325 3

199 333 457 382 Venturaeque
476 332 611 370 hiemis
630 346 815 370 memores
834 334 968 370 aestate
986 332 1156 369 laborem

200 386 473 436 Experiuntur,
489 388 528 424 et
546 386 587 423 in
604 386 774 424 medium
793 386 953 436 quaesita
970 388 1173 436 reponunt.

200 439 379 489 Namque
398 439 480 477 aljae
498 439 606 477 victu
623 439 839 490 invigilant,
859 442 899 477 et
917 439 1056 477 foedere
1074 440 1187 489 pacto

201 493 440 531 Exercentur
458 493 558 543 agris
574 509 582 540 ;
610 507 696 543 pars
714 494 818 530 intra
835 495 943 543 septa
956 493 1156 530 domorum

200 547 372 585 Narcissi
389 547 594 593 lacrimam,
614 549 653 584 et
670 547 820 584 lentum
839 546 884 584 de
903 546 1061 584 cortrice
1079 545 1225 596 gluten,

202 599 333 638 Prima
350 600 445 638 favis
464 602 613 651 ponunt
631 600 864 646 fundamina,
883 600 1017 638 deinde
1034 602 1186 636 tenaces

203 654 449 704 Suspendunt
468 667 569 691 ceras
587 670 594 700 3
623 654 716 700 aliae,
737 667 842 704 spem
861 653 999 704 gentis,
1019 653 1169 690 adultos

202 707 387 745 Educunt
406 708 529 754 fetus3
558 707 640 745 ah'ae
660 707 862 757 purissima
880 707 994 744 mella

202 760 369 811 Stipant,
390 763 429 798 et
447 761 590 811 liquido
610 760 834 798 distendunt
852 763 1004 798 nectare
1022 759 1146 798 cellas.

202 814 313 861 Sunt,
334 814 469 864 quibus
489 814 536 851 ad
554 816 683 864 portas
702 814 837 852 cecidit
856 814 1028 852 custodia
1041 813 1156 859 sorti3

202 868 326 918 Inque
344 868 466 905 vicem
488 867 732 917 speculantur
750 881 864 917 aquas
884 870 923 906 et
941 867 1072 905 nubila
1091 866 1173 905 coeli
1188 882 1196 912 ;

202 922 285 959 Aut
304 934 418 959 onera
436 921 626 971 accipiunt
644 921 877 968 venientum,
898 923 965 959 aut
983 921 1135 971 agmine
1153 920 1254 957 facto

203 975 407 1026 Ignavum,
426 975 542 1021 fucos,
562 987 676 1024 pecus
696 988 718 1012 a
735 975 964 1025 praesepibus
984 977 1123 1012 arcent.

205 1029 344 1066 Fervet
364 1041 469 1077 opus,
487 1028 733 1078 redolentque
752 1029 890 1079 thymo
909 1028 1117 1079 fragrantia
1139 1027 1263 1065 mella.

1420 66 1470 103 87

211 2156 268 2194 Ac
286 2155 407 2194 veluti
424 2156 538 2194 lentis
559 2156 742 2207 Cyclopes
760 2156 922 2194 fulmina
939 2157 1073 2194 massis

211 2210 338 2257 Quum
356 2212 572 2261 properant,
591 2211 655 2248 alii
672 2211 833 2248 taurinis
852 2211 1006 2249 follibus
1025 2224 1134 2248 auras

211 2263 416 2314 Accipiunt
434 2263 685 2314 redduntque,
704 2264 768 2302 alii
785 2264 988 2302 stridentia
1005 2264 1166 2314 tingunt

212 2316 304 2355 AEra
321 2316 428 2364 lacu3
455 2317 577 2368 gemit
595 2318 785 2369 impositis
802 2318 1004 2356 incudibus
1023 2318 1166 2363 AEtna,

212 2369 277 2407 Illi
293 2370 394 2408 inter
412 2384 492 2409 sese
510 2384 650 2422 magna
667 2372 706 2409 vi
723 2371 877 2410 brachia
894 2371 1040 2410 tollunt

213 2422 262 2460 In
280 2437 492 2471 numerum,
506 2427 735 2476 versantque
752 2426 877 2464 tenaci
895 2425 1036 2475 forcipe
1053 2424 1218 2462 ferrum:

213 2475 304 2514 Non
322 2477 443 2524 aliter,
462 2478 495 2515 si
512 2492 628 2528 parva
644 2479 735 2517 licet
753 2492 977 2530 componere
995 2478 1156 2529 magnis,

215 2528 409 2580 Cecropias
428 2531 584 2569 innatus
603 2545 689 2583 apes
708 2546 814 2570 amor
832 2534 947 2583 urget
964 2531 1141 2578 habendi,

214 2581 376 2622 Munere
395 2598 582 2637 quamque
601 2599 682 2624 suo.
739 2586 962 2624 Grandaevis
981 2585 1120 2636 oppida
1139 2597 1251 2630 curae,
