1705 2744
277 113 353 150 160
681 122 715 148 Ρ.
736 122 921 149 VIRGILII
940 122 1128 150 MARONIS

276 215 450 266 Impulit,
469 218 508 254 et
526 218 673 254 teneras
692 216 863 254 turbavit
875 216 993 267 janua
1010 217 1171 263 frondes,

274 269 483 319 Nunquam
502 270 635 307 deinde
654 282 744 307 cavo
763 269 964 307 volitantia
981 271 1160 320 prendere
1179 284 1279 317 saxo,

275 322 358 360 Nec
377 336 548 360 revocare
567 322 674 368 situs,
693 324 760 359 aut
772 322 931 373 jungere
951 323 1116 360 carmina
1134 325 1252 361 curat.

275 375 491 413 Inconsulti
509 375 661 421 abeunt,
681 375 880 424 sedemque
899 376 1007 413 odere
1027 376 1190 426 Sibyllae.

276 428 354 466 Hic
373 428 445 465 tibi
463 442 510 465 nc
529 441 603 478 qua
619 441 733 465 inorae
753 428 893 465 suerint
912 429 1105 478 dispendia
1122 429 1288 475 tanti,—

276 481 456 527 Quamvis
475 481 700 530 increpitent
720 481 821 526 socii,
841 484 879 518 et
898 481 935 518 vi
955 495 1085 518 cursus
1103 482 1144 519 in
1163 481 1286 519 altum

275 534 370 571 Vela
387 536 507 579 vocet,
526 533 717 584 possisque
736 534 839 571 sinus
858 534 1012 584 implere
1031 535 1277 580 secundos,—

276 587 377 633 Quin
396 587 504 624 adeas
523 589 661 633 vatem,
680 587 924 637 precibusque
944 587 1095 624 oracula
1112 601 1254 637 poscas.

277 640 366 689 Ipsa
385 642 505 685 canat,
525 653 728 688 vocemque
746 640 874 677 volens
894 642 1008 690 atque
1028 653 1092 677 ora
1109 640 1284 678 resolvat.

275 693 350 729 Illa
366 693 438 729 tibi
458 692 582 730 Italiae
599 692 769 742 populos,
788 695 1022 742 venturaque
1040 692 1147 739 bella,

275 745 343 791 Et,
363 759 436 795 quo
456 759 642 795 quemque
660 746 772 783 modo
791 746 988 796 fugiasque
1007 746 1176 795 ferasque
1194 746 1371 792 laborem,

275 799 474 848 Expediet,
494 812 695 847 cursusque
714 798 820 836 dabit
837 801 1015 836 venerata
1033 799 1226 836 secundos.

275 851 372 888 Haec
392 855 493 897 sunt,
513 865 595 900 quae
614 854 745 889 nostra
761 852 871 889 liceat
890 854 929 889 te
947 865 1038 889 voce
1056 852 1213 889 moneri.

275 904 379 941 Vade
399 918 479 954 age,
498 908 537 941 et
555 905 750 955 ingentem
768 905 877 942 factis
896 905 951 942 fer
970 905 1017 942 ad
1035 905 1177 942 aethera
1195 904 1372 955 Trojam.'

329 960 349 975 “
363 957 458 1003 Quae
477 960 680 1007 postquam
696 961 802 995 vates
822 958 873 995 sic
893 971 955 995 ore
974 958 1109 995 effatus
1129 958 1248 996 amico
1267 960 1337 1004 est,

276 1010 388 1047 Dona
406 1010 541 1048 dehinc
560 1024 649 1048 auro
669 1011 798 1061 gravia
816 1013 992 1061 sectoque
1012 1011 1212 1060 elephanto

276 1063 446 1113 Imperat
465 1064 512 1100 ad
530 1077 642 1101 naves
660 1064 760 1109 fem-i,
780 1064 971 1114 stipatque
990 1064 1124 1101 carinis

276 1116 418 1166 Ingens
437 1119 649 1166 argentum,
669 1116 958 1167 Dodonaeosque
976 1117 1130 1163 lebetas,

275 1169 450 1206 Loricam
469 1172 680 1207 consertam
697 1170 819 1207 hamis
838 1183 1000 1219 auroque
1018 1169 1192 1216 trilicem,

276 1223 332 1259 Et
351 1236 487 1260 conum
504 1223 663 1273 insignis
681 1223 797 1273 galeae
816 1223 1020 1272 cristasque
1039 1225 1243 1268 comantes,

274 1276 394 1312 Arma
412 1276 666 1325 Neoptolemi.
722 1276 820 1313 Sunt
839 1279 878 1313 et
897 1290 964 1314 sua
982 1277 1080 1314 dona
1096 1276 1258 1326 parenti.

275 1328 397 1365 Addit
416 1342 542 1378 eqUOS,
561 1329 739 1378 additque
758 1329 892 1375 duces;

277 1381 495 1431 Remigium
515 1382 676 1432 supplet,
695 1382 812 1419 socios
832 1381 944 1419 simul
961 1381 1119 1419 instruit
1139 1381 1263 1419 armis.

330 1437 350 1453 “
366 1434 519 1472 Interea
537 1435 693 1472 classem
711 1435 803 1473 velis
822 1438 950 1485 aptare
962 1435 1123 1485 jubebat

276 1487 472 1533 Anchises,
492 1488 598 1525 fieret
615 1489 731 1526 vento
750 1502 855 1526 mora
873 1502 919 1525 ne
938 1501 1011 1538 qua
1029 1487 1176 1525 ferenti.

278 1540 399 1586 Quem
418 1540 555 1578 Phoebi
573 1541 757 1591 interpres
776 1541 899 1578 multo
919 1541 1119 1590 compellat
1137 1540 1301 1577 honore:

277 1595 285 1611 ‘
299 1592 497 1644 Conjugio,
516 1594 694 1641 Anchisa,
712 1594 868 1632 Veneris
887 1594 1041 1644 dignate
1059 1593 1230 1643 superbo,
1262 1612 1265 1613 ⁷
