1705 2744
198 100 247 137 18
605 109 640 136 P.
661 108 846 136 vmfflm
865 108 1054 136 MARoms

200 203 360 255 Thyrsis
380 217 478 250 oveS,
499 203 677 255 Corydon
697 204 881 242 distentas
899 204 998 242 lacte
1017 202 1187 254 capellaS‚

200 258 327 295 Ambo
346 258 522 295 florentes
541 258 729 304 aetatibus,
748 258 913 295 Arcades
933 257 1055 303 ambo,

202 310 259 348 Et
278 313 430 349 cantare
448 324 566 361 pares,
586 313 625 348 et
644 311 866 361 respondere
884 311 1018 361 parati.

204 364 296 402 Huc
314 364 420 410 mihi,
439 365 530 401 dum
549 367 697 401 teneras
718 364 875 401 defendo
895 377 917 400 a
934 363 1073 413 frigore
1092 364 1253 413 myrtOS,

204 417 274 454 Vir
292 417 418 468 gregis
437 417 516 466 ipse
535 431 644 467 caper
663 417 919 454 deerraverat:
949 419 1062 466 atque
1081 429 1151 466 ego
1171 414 1354 464 Daphnin

205 470 370 520 Aspicio.
427 470 498 508 Ille
516 470 581 508 ubi
600 483 660 507 ine
679 472 811 508 contra
829 470 955 507 videt:
986 473 1006 488 ‘⁶
1020 469 1173 515 Ocius,”
1195 468 1333 518 inquit,

206 523 332 561 “Huc
352 523 450 570 ades,
471 537 492 561 o
512 523 712 561 Meliboee:
742 536 850 572 caper
868 522 941 559 tibi
961 522 1085 559 salvus
1105 524 1144 559 et
1162 521 1284 567 haedi3

206 577 262 614 Et
282 577 313 614 si
332 577 423 627 quid
442 590 584 614 cessare
602 578 722 626 potes,
741 576 928 625 requiesce
948 575 1017 612 sub
1036 575 1182 612 umbra.

205 629 325 667 Huc
315 630 385 680 ipsi
405 631 541 679 potum
559 630 712 667 venient
730 642 796 679 pei
813 628 949 678 prata'
935 628 1111 678 juvenci,

207 683 286 721 Hic
305 683 442 720 virides
461 685 591 720 tenera
609 696 654 733 pl
655 682 784 720 aetexit
804 681 986 719 arundine
1003 681 1104 731 ripas

207 736 387 783 Mincius,
404 750 497 786 eque
516 750 619 773 53013
637 737 815 773 resonant
834 735 1005 772 examina
1024 733 1202 784 quercu.''

210 789 311 836 Quid
328 789 520 827 facerem?
548 802 668 839 neque
688 802 758 839 ego
777 788 976 838 Alcippen,
996 801 1064 825 nec
1077 786 1259 838 Phyllida
1270 785 1469 832 habebam

208 843 397 893 Depulsos
417 856 438 880 a
456 843 554 880 lacte
574 842 677 880 domi
696 856 778 892 quae
798 842 987 879 clauderet
1007 854 1147 891 agnos3

209 896 264 933 Et
284 898 474 933 certamen
494 898 574 933 erat
595 895 772 946 Corydon
791 909 878 933 cum
897 895 1084 945 Thyrside
1102 906 1298 944 magnum.

209 949 423 987 Posthabui
441 951 571 986 tamen
589 949 742 986 illorum
760 962 845 986 mea
863 948 958 986 seria
976 948 1079 986 ludo.

209 1002 381 1040 Alternis
400 1002 520 1052 igitur
539 1002 764 1040 contendere
782 1002 952 1039 versibus
972 1002 1082 1039 ambo

211 1055 389 1105 Coepere3
414 1056 578 1093 alternos
598 1055 722 1092 Musae
741 1055 956 1092 meminisse
975 1055 1166 1092 volebant.

210 1108 297 1146 Hos
317 1108 506 1158 Corydon,
525 1109 608 1146 illos
627 1109 810 1146 referebat
829 1109 868 1145 in
888 1108 1017 1146 ordine
1036 1107 1207 1158 Thyrsis.

265 1161 364 1199 COR.
384 1161 589 1212 Nymphae,
602 1163 730 1199 noster
739 1175 854 1207 amor,
864 1161 1117 1207 Libethrides,
1129 1163 1196 1198 aut
1205 1159 1301 1197 mihi
1311 1172 1473 1205 carmen,

214 1215 333 1261 Quale
352 1229 436 1252 meo
457 1215 592 1261 Codro,
612 1215 828 1261 concedite3
855 1215 1027 1265 proxima
1046 1214 1184 1252 Phoebi

213 1268 394 1305 Versibus
413 1267 476 1305 ille
495 1268 608 1314 facit;
637 1270 703 1305 aut
723 1268 754 1305 si
772 1282 849 1305 non
868 1282 1066 1318 possumus
1087 1281 1229 1313 omnes,

213 1321 293 1358 Hic
312 1323 449 1371 arguta
467 1334 572 1358 sacra
589 1321 769 1371 pendebit
788 1321 916 1358 fistula
934 1321 1037 1371 pinu.

267 1374 375 1411 THY.
405 1374 594 1420 Pastores,
612 1374 751 1412 hedera
770 1377 999 1412 crescentem
1018 1376 1149 1411 ornate
1167 1375 1332 1424 poetam,

214 1428 393 1473 Arcades,
412 1427 555 1464 invidia
572 1431 798 1478 rumpantur
816 1430 861 1465 ut
878 1428 943 1465 ilia
962 1427 1085 1465 Codro
1102 1444 1110 1473 3

217 1481 299 1518 Aut
318 1480 350 1517 si
368 1481 470 1517 ultra
487 1480 671 1530 placitum
689 1481 864 1525 laudarit,
883 1481 1036 1519 baccare
1054 1481 1221 1518 frontem

217 1534 382 1583 Cingite,
401 1547 448 1571 ne
466 1534 548 1570 vati
565 1536 699 1571 noceat
718 1534 817 1571 mala
834 1534 965 1584 lingua
982 1535 1124 1571 futuro.

271 1586 370 1624 COR.
400 1587 535 1623 Saetosi
553 1589 667 1636 caput
686 1587 758 1624 hoc
777 1587 857 1637 apri
875 1587 959 1633 tibi,
979 1587 1099 1634 Delia,
1120 1600 1257 1637 parvus

218 1640 274 1677 Et
293 1653 441 1677 ramosa
459 1639 592 1677 Micon
610 1640 749 1677 vivacis
769 1654 908 1678 cornua
927 1641 1037 1678 cervi.

219 1694 259 1730 Si
277 1693 473 1744 proprium
490 1693 563 1730 hoc
581 1693 708 1739 fuerit,
726 1694 801 1731 levi
820 1694 865 1731 de
883 1707 1069 1731 marmore
1087 1695 1173 1731 tota

219 1747 386 1784 Puniceo
406 1746 523 1783 stabis
542 1760 646 1783 suras
666 1747 815 1784 evincta
833 1747 1031 1784 cothurno.

273 1800 380 1837 Tm.
411 1799 545 1836 Sinum
563 1800 672 1837 lactis
692 1802 730 1837 et
748 1801 829 1837 haec
847 1803 887 1837 te
905 1800 992 1846 liba,
1013 1800 1160 1849 Priape,
1180 1799 1383 1850 quotannis

222 1853 453 1903 Exspectare
472 1855 530 1890 sat
550 1855 630 1898 est;
659 1856 786 1891 custos
806 1867 844 1891 es
863 1854 1036 1904 pauperis
1055 1853 1170 1890 horti.

222 1906 338 1943 Nunc
356 1908 395 1943 te
414 1919 666 1944 marmoreum
686 1920 753 1956 pro
771 1908 941 1957 tempore
960 1907 1115 1944 fecimus
1133 1923 1141 1953 ;
1169 1908 1210 1943 at
1228 1907 1284 1951 tu,

224 1959 264 1996 Si
282 1960 405 1996 fetura
425 1973 579 2009 gregem
598 1960 841 2009 suppleverit,
861 1973 993 1997 aureus
1013 1962 1106 1997 esto.

276 2011 374 2049 COR.
403 2012 546 2049 Nerine
566 2013 734 2059 Galatea,
752 2013 889 2063 thymo
909 2013 1003 2050 mihi
1023 2012 1165 2050 dulcior
1183 2011 1337 2062 Hyblae,

223 2064 428 2102 Candidior
447 2065 585 2115 cycnis,
605 2066 743 2103 hedera
759 2066 958 2103 formosior
976 2066 1071 2110 alba,

225 2119 352 2164 Quum
371 2118 534 2168 primum
555 2119 654 2168 pasti
676 2121 849 2169 repetent
868 2118 1047 2168 praesepia
1065 2117 1179 2164 tauri,

225 2171 265 2207 Si
285 2185 358 2220 qua
376 2171 435 2208 tui
455 2170 665 2221 Corydonis
685 2172 800 2210 habet
818 2174 858 2209 te
877 2185 975 2217 cura,
994 2171 1136 2208 venito.

278 2224 385 2261 THY.
416 2224 541 2261 Immo
561 2238 631 2274 ego
652 2225 800 2263 Sardois
819 2225 947 2262 videar
965 2224 1038 2262 tibi
1057 2224 1218 2261 amarior
1236 2223 1377 2267 herbis,

226 2277 429 2314 Horridior
447 2291 567 2323 rusco,
587 2278 754 2328 projecta
772 2278 881 2316 vilior
900 2279 996 2328 alga,

226 2330 266 2367 Si
285 2330 380 2366 mihi
398 2344 474 2367 non
492 2331 572 2367 haec
591 2331 655 2367 lux
674 2333 759 2368 toto
772 2331 852 2381 jam
871 2331 1020 2381 longior
1039 2344 1137 2368 anno
1156 2332 1225 2368 est.

225 2383 289 2421 Ite
309 2383 465 2420 domum
484 2383 594 2433 pasti,
615 2384 646 2420 si
665 2384 747 2433 quis
767 2385 898 2434 pudor,
917 2385 971 2422 ite
985 2384 1150 2434 juvenci.

281 2436 379 2474 COR.
411 2437 581 2474 Muscosi
599 2437 733 2483 fonteS,
754 2440 792 2474 et
812 2452 943 2475 somno
962 2438 1111 2475 mollior
1128 2437 1256 2483 herba,

229 2490 284 2527 Et
305 2504 386 2539 quae
405 2504 471 2527 vos
490 2504 573 2527 rara
590 2490 719 2527 viridis
739 2492 838 2541 tegit
858 2491 1015 2528 arbutus
1034 2491 1179 2535 umbra,

227 2543 443 2580 Solstitium
462 2544 586 2593 pecori
605 2543 815 2589 defendite3
838 2544 919 2594 jam
937 2544 1042 2581 venit
1061 2545 1171 2581 aestas

228 2596 397 2643 Torrida,
411 2596 493 2647 jain
511 2597 599 2634 laeto
618 2599 776 2648 tingent
795 2597 835 2634 in
853 2597 1009 2647 palmite
1028 2609 1198 2648 gemmae.
