1674 2775
595 98 785 125 AEN’EIDos
806 97 889 123 ΜΒ.
910 96 987 123 ΧΠ,
1382 86 1460 124 385

178 196 438 247 Nidoremque
458 194 635 232 ambusta
654 193 780 232 dedit:
810 206 922 243 super
940 193 1020 243 ipse
1040 195 1193 230 secutus

178 250 379 288 Caesariem
397 249 492 287 laeva
509 248 657 286 turbati
675 248 830 298 corripit
849 247 983 293 hostis,

177 304 444 354 Impressoque
463 316 564 353 genu
582 302 710 339 nitens
728 303 837 339 terrae
857 300 1021 351 applicat
1038 300 1162 350 ipsum
1179 316 1187 346 3

178 357 240 395 Sic
258 357 381 408 rigido
400 357 500 394 latus
521 369 607 394 ense
625 355 726 392 ferit.
783 354 994 391 Podalirius
1015 354 1154 391 Alsum

178 410 390 457 Pastorem,
409 410 605 460 primaque
624 409 702 446 acie
720 422 787 459 per
804 408 883 445 tela
900 410 1088 453 ruentem,

177 464 281 502 Ense
301 478 458 514 sequens
478 464 581 500 nudo
600 462 908 513 superimminet:
938 461 1000 499 ille
1021 461 1145 498 securi

176 518 339 556 Adversi
357 518 523 555 frontem
543 517 705 554 mediam
727 518 977 565 mentumque
996 515 1158 553 reducta

176 571 342 623 Disjicit,
363 574 402 609 et
422 585 550 621 sparso
568 570 644 608 late
664 570 765 620 rigat
785 582 890 606 arma
909 582 1051 606 cruore.

176 624 252 662 Olli
272 625 366 662 dura
385 625 489 675 quies
509 624 636 662 oeulos
656 626 695 661 et
714 624 855 660 ferreus
875 625 988 672 urget

175 677 362 725 Somnus;
390 679 430 716 in
450 681 631 716 aeternam
650 677 880 714 clauduntur
898 675 1045 713 lumina
1064 677 1234 713 noctem.

229 733 285 770 At
303 733 388 783 pius
407 732 548 770 AEneas
568 732 741 768 dextram
759 730 942 768 tendebat
962 729 1148 766 inermem

175 787 337 824 Nudato
356 786 491 836 capite,
511 788 626 835 atque
645 798 732 821 suos
752 784 913 821 clamore
932 783 1115 820 vocabat:

174 844 196 860 ‘⁴
210 841 295 888 Quo
314 840 425 877 ruitis
440 839 457 878 P
487 852 621 889 quaeve
639 838 716 875 ista
734 850 867 887 repens
888 836 1074 873 discordia
1093 835 1218 887 surgit
1236 835 1254 872 P

175 894 209 932 O
229 894 403 932 cohibete
422 893 517 930 iras!
547 892 669 930 ictum
683 891 764 942 jam
783 890 920 936 foedus,
941 892 980 928 et
1000 903 1132 927 omnes

175 947 408 998 Compositae
427 947 529 997 leges
545 962 552 993 ;
581 945 677 983 mihi
690 945 754 996 jus
774 957 996 982 concurrere
1016 943 1109 988 soli3

173 1001 243 1039 Me
262 1001 387 1047 sinite,
408 1003 522 1051 atque
541 1000 687 1037 auferte
707 1001 846 1036 metus.
903 998 990 1048 Ego
1010 997 1153 1034 foedera
1169 996 1259 1033 faxo

173 1055 307 1092 Firma
324 1069 463 1100 manu3
491 1054 665 1091 Turnum
679 1052 760 1103 jam
780 1052 919 1090 debent
939 1052 1021 1088 haec
1040 1050 1136 1088 mihi
1155 1049 1298 1087 sacra.'’

172 1109 259 1147 Has
278 1109 380 1146 inter
397 1121 519 1154 voces,
538 1107 664 1144 media
681 1107 782 1144 inter
799 1106 892 1143 talia
910 1105 1035 1150 verba,

172 1163 286 1209 Ecce,
305 1163 386 1200 viro
406 1162 570 1200 stridens
589 1160 657 1198 alis
677 1160 818 1210 allapsa
837 1159 981 1209 sagitta
999 1160 1069 1205 est,

172 1216 383 1263 Incertum,
404 1229 478 1266 qua
495 1214 607 1265 pulsa
625 1228 752 1259 manu,
774 1227 848 1264 quo
868 1212 1024 1251 turbine
1043 1212 1200 1257 adacta3

172 1270 266 1317 Quis
285 1272 437 1307 tantam
457 1268 615 1306 Rutulis
634 1268 798 1313 laudem,
820 1280 978 1305 casusne
999 1266 1152 1312 deusne,

170 1323 374 1362 Attulerit.
431 1323 567 1360 Pressa
586 1324 645 1359 est
664 1321 824 1371 insignis
847 1320 969 1372 gloria
988 1320 1105 1365 facti3

170 1378 255 1416 Nec
274 1391 354 1415 sese
373 1376 508 1414 AEneae
522 1375 687 1426 jactavit
706 1375 863 1412 vulnere
885 1374 1098 1425 quisquam.

223 1431 388 1477 Turnus,
409 1433 456 1468 ut
475 1430 625 1467 AEnean
646 1429 844 1467 cedentem
865 1441 910 1466 ex
931 1428 1083 1479 agmine
1103 1426 1201 1464 vidit

171 1485 440 1535 Turbatosque
459 1484 585 1530 duces,
606 1483 734 1521 subita
753 1496 818 1533 spe
838 1482 1007 1520 fervidus
1028 1481 1136 1518 ardet
1153 1496 1161 1527 3

170 1538 303 1576 Poscit
323 1552 439 1589 equos
460 1540 576 1587 atque
595 1550 701 1574 arma
719 1536 844 1582 simul,
866 1536 1041 1585 saltuque
1062 1533 1250 1585 superbus

178 1592 334 1630 Emicat
353 1593 393 1629 in
413 1605 577 1637 currum,
598 1593 637 1628 et
656 1590 832 1627 manibus
852 1589 1010 1627 molitur
1028 1589 1208 1626 habenas.

179 1646 311 1684 Multa
328 1646 454 1683 virum
472 1645 638 1683 volitans
658 1644 725 1681 dat
740 1643 855 1681 fortia
874 1656 1030 1694 corpora
1048 1643 1128 1680 leto
1143 1658 1151 1688 ;

179 1699 391 1738 Semineces
410 1699 532 1737 volvit
551 1698 705 1743 multos,
725 1699 793 1735 aut
813 1697 967 1748 agmina
985 1710 1098 1734 curru

180 1753 362 1800 Proterit,
376 1756 442 1791 aut
462 1755 590 1803 raptas
609 1751 845 1802 fugientibus
864 1751 1007 1802 ingerit
1025 1750 1168 1787 hastas

180 1807 311 1854 Qualis
331 1808 431 1857 apud
450 1807 564 1857 gelidi
580 1819 699 1856 quum
717 1805 875 1842 fiumina
894 1805 1066 1843 concitus
1086 1801 1211 1840 Hebri

179 1860 417 1912 Sanguineus
437 1860 594 1898 Mavors
614 1860 733 1910 clipeo
752 1859 935 1909 increpat,
955 1861 1070 1908 atque
1090 1857 1262 1894 furentes

178 1914 289 1953 Bella
307 1928 464 1952 movens
483 1914 664 1951 immittit
684 1926 811 1963 equos,
830 1912 886 1950 illi
905 1924 1054 1961 aequore
1074 1912 1206 1960 aperto

178 1969 284 2006 Ante
303 1970 415 2006 notos
435 1968 718 2018 zephyrumque
737 1966 888 2011 volant3
914 1965 1037 2016 gemit
1056 1964 1194 2002 ultima
1211 1962 1323 2013 pulsu

178 2022 329 2060 Thraca
346 2022 500 2073 pedum3
520 2021 737 2071 circumque
756 2022 848 2057 atrae
869 2018 1102 2057 Formidinis
1122 2031 1198 2064 ora,

179 2075 338 2127 Iraeque,
360 2075 604 2125 Insidiaeque,
624 2074 684 2112 dei
704 2073 922 2119 comitatus,
943 2074 1122 2123 aguntur.

182 2130 286 2168 Talis
301 2143 416 2180 equos
436 2129 556 2166 alacer
574 2128 700 2166 media
717 2128 819 2165 inter
837 2127 971 2178 proelia
990 2127 1143 2164 Turnus

182 2183 395 2221 Fumantes
415 2183 550 2221 sudore
570 2182 709 2232 quatit,
729 2181 941 2219 miserabile
957 2181 1066 2218 caesis

182 2237 375 2275 Hostibus
394 2237 599 2283 insultans3
619 2235 766 2287 spargit
785 2235 917 2285 rapida
935 2234 1081 2285 ungula
1094 2246 1196 2271 rores

182 2290 428 2342 Sanguffleos,
448 2291 643 2341 mixtaque
662 2303 772 2328 cruor
791 2289 959 2327 calcatur
978 2301 1101 2326 arena.
1372 2284 1462 2335 [que

183 2344 349 2395 Jamque
367 2345 451 2382 neci
484 2344 783 2394 Sthenelumque
813 2343 930 2389 dedit,
950 2341 1261 2393 Thamyfimque,
1282 2338 1465 2376 Pholum-

182 2397 304 2436 Hune
323 2411 546 2449 congressus
566 2400 605 2436 et
623 2397 741 2444 hun03
760 2397 869 2434 illum
888 2396 1050 2443 eminus3
1070 2394 1217 2433 eminus
1237 2393 1347 2431 ambo

182 2451 427 2497 Imbrasidas,
447 2452 637 2489 Glaucum
656 2453 770 2502 atque
789 2450 932 2497 Laden,
952 2463 1045 2499 quos
1065 2448 1261 2486 Imbrasus
1279 2447 1359 2497 ipse

182 2505 388 2543 Nutrierat
406 2505 537 2556 Lycia,
556 2505 783 2556 paribusque
802 2506 1002 2542 ornaverat
1021 2502 1147 2549 armis,

182 2558 255 2597 Vel
274 2559 441 2597 conferre
459 2572 628 2606 manum,
648 2558 709 2596 vel
728 2571 824 2609 equo
842 2559 1067 2608 praevertere
1085 2557 1232 2594 ventos.

183 2612 300 2651 Parte
320 2613 393 2651 alia
409 2612 536 2650 media
553 2612 745 2650 Eumedes
763 2612 808 2703 ix}
822 2611 957 2662 proelia
974 2611 1107 2658 fertur,

839 2676 861 2703 C
