1674 2775
579 108 769 136 AENEIDos
788 109 872 135 ΠΒ.
892 109 950 136 IX.
1326 102 1403 138 311

126 205 228 243 Ecce
247 204 351 242 aliud
370 217 521 242 summa
537 204 661 242 telum
679 204 843 242 librabat
863 204 910 241 ab
929 217 1029 241 aure.

126 259 235 296 Dum
253 258 460 308 trepidant,
479 257 526 295 iit
545 258 658 295 hasta
676 257 782 308 Tago
801 271 868 307 per
886 260 1038 307 tempus
1058 259 1264 308 utrumque

127 312 314 358 Stridens,
333 311 569 362 trajectoque
587 311 698 348 haesit
717 312 907 361 tepefacta
925 311 1087 349 cerebro.

127 365 250 403 Saevit
269 367 379 402 atrox
398 364 592 411 Volseens,
611 378 680 402 nec
699 365 768 402 teli
786 364 972 414 conspicit
991 377 1153 415 usquam

128 419 350 464 Auctorem,
370 431 438 455 nec
458 432 532 468 quo
552 431 590 456 se
610 418 743 455 ardens
762 417 972 455 immittere
990 418 1123 468 possit.

129 472 226 509 “Tu
242 474 373 509 tamen
391 471 537 509 interea
555 471 675 509 calido
694 471 790 508 mihi
809 471 991 521 sanguine
1010 485 1138 521 poenas

130 525 327 563 Persolves
347 525 584 572 amborum,”
605 525 732 575 inquit
749 542 756 562 :
786 525 899 562 simul
918 538 1005 562 ense
1024 525 1168 562 recluso

130 578 222 617 Ibat
240 579 281 616 in
300 578 525 629 Euryalum.
582 578 683 616 Tum
701 592 790 616 vero
810 579 1024 626 exterritus,
1047 592 1187 624 amens,

131 632 355 670 Conclamat
374 632 516 678 Nisus;
544 646 613 670 nec
633 646 671 669 se
691 632 810 669 celare
828 632 996 669 tenebris

130 685 321 736 Amplius,
341 688 408 723 aut
426 688 582 723 tantum
600 685 729 736 potuit
748 685 910 745 perfene
930 685 1119 723 dolorem:

130 742 153 759 “
169 739 249 785 Me,
267 753 340 784 me,
342 739 541 786 —adsum‚
562 739 627 788 qui
644 739 726 786 feci,
728 739 821 776 —in
840 752 900 776 me
919 739 1130 777 convertite
1149 739 1301 785 ferrum,

131 793 166 830 O
186 792 348 830 Rutuli!
377 806 462 830 mea
480 794 582 830 fraus
602 793 747 839 omnis3
775 792 873 829 nihil
892 792 964 830 iste
983 806 1052 830 nec
1072 806 1195 832 ausus

131 846 216 884 Nec
234 846 386 896 potuit:
417 846 556 883 coelum
576 846 649 884 hoc
669 849 709 884 et
729 846 878 883 conscia
897 846 1020 884 sidera
1038 847 1201 884 testor.”

133 900 305 937 Tantum
322 899 513 937 infelicem
531 900 695 937 nimium
714 900 847 937 dilexit
866 900 1042 937 amicum.

133 953 242 991 Talia
261 953 365 990 dicta
383 953 498 990 dabat
516 970 523 990 :
554 953 619 991 secl
639 953 781 991 viribus
801 953 899 991 ensis
919 954 1076 991 adactus

132 1007 352 1044 Transabiit
371 1009 508 1053 eostam,
528 1009 567 1044 et
587 1007 745 1045 candida
763 1010 917 1057 pectora
934 1008 1091 1057 rumpit.

131 1060 314 1098 Volvitur
333 1060 524 1111 Euryalus
544 1060 633 1107 leto,
652 1060 905 1111 pulchrosque
923 1074 989 1111 per
1008 1063 1114 1098 artus

134 1114 177 1151 It
196 1127 317 1160 cruor,
336 1114 450 1164 inque.
469 1114 647 1152 humeros
667 1115 792 1152 cervix
812 1115 975 1165 collapsa
992 1114 1204 1152 recumbit:

134 1167 354 1218 Purpureus
372 1168 492 1205 veluti
511 1181 630 1218 quum
648 1168 728 1214 flos,
748 1168 913 1206 succisus
929 1171 1065 1214 aratro,

134 1220 369 1271 Languescit
387 1221 551 1259 moriens
569 1238 576 1258 :
605 1221 749 1259 lassove
768 1235 953 1272 papavera
972 1221 1067 1259 collo

135 1274 332 1312 Demisere
351 1276 477 1325 caput,
497 1275 626 1325 pluvia
644 1288 763 1325 quum
781 1275 880 1313 forte
898 1277 1119 1326 gravantur.

135 1328 193 1365 At
212 1328 332 1365 Nisus
349 1329 429 1366 ruit
447 1328 487 1365 in
507 1329 662 1374 medios,
682 1328 880 1379 solumque
898 1343 964 1379 per
983 1342 1114 1366 omnes

136 1381 382 1419 Volscentem
399 1382 521 1432 petit3
549 1382 590 1419 in
609 1382 687 1420 solo
707 1382 910 1420 Volscente
930 1385 1114 1420 moratur.

136 1435 260 1482 Quem
280 1435 422 1473 circum
440 1435 643 1486 glomerati
662 1436 804 1483 hostes,
824 1436 913 1474 hinc
932 1436 1103 1474 cominus
1123 1437 1238 1485 atque
1257 1435 1346 1472 hinc

136 1488 387 1527 Proturbant.
443 1489 573 1527 Instat
592 1503 670 1527 non
689 1490 820 1536 secius,
841 1503 883 1527 ac
901 1492 1005 1528 rotat
1025 1503 1154 1527 ensem

136 1542 405 1589 Fulmineum3
434 1543 552 1580 donec
572 1542 713 1580 Rutuli
731 1543 931 1581 clamantis
950 1544 989 1580 in
1010 1556 1072 1580 ore

135 1595 320 1633 Condidit
339 1596 507 1642 adverso,
527 1599 566 1634 et
585 1597 750 1634 moriens
769 1597 936 1634 animam
955 1596 1116 1634 abstulit
1135 1595 1250 1633 hosti.

136 1650 239 1686 Tum
258 1663 371 1700 super
389 1650 600 1688 exanimem
620 1664 699 1688 sese
718 1650 876 1701 projecit
896 1650 1062 1688 amicum

134 1702 354 1750 Confessus,
373 1703 593 1754 placidaque
612 1703 666 1741 ibi
685 1704 838 1741 demum
857 1706 981 1741 morte
1001 1702 1157 1753 quievit.

190 1756 398 1794 Fortunati
416 1757 548 1795 ambo!
577 1757 610 1794 si
629 1757 720 1808 quid
739 1771 824 1795 mea
842 1757 1011 1795 carmina
1028 1758 1201 1807 possunt,

135 1809 257 1848 Nulla
273 1810 353 1848 dies
372 1824 541 1860 unquam
559 1811 720 1848 memori
737 1825 804 1849 vos
823 1811 964 1848 eximet
981 1824 1062 1848 aevo
1077 1827 1085 1857 ;

136 1863 243 1900 Dum
263 1864 398 1902 domus
417 1864 547 1902 AEneae
568 1864 733 1915 Capitoli
750 1864 946 1902 immobile
966 1877 1099 1901 saxum

134 1917 308 1965 Accolet,
326 1917 603 1969 imperiumque
622 1920 730 1968 pater
749 1918 947 1956 Romanus
966 1917 1135 1955 habebit.
