1674 2775
603 96 794 123 AEXEIDos
814 96 898 122 ΠΒ.
918 96 957 122 X.
1337 85 1415 123 335

139 199 160 216 “
174 196 258 244 Quo
277 194 424 246 fugitis,
444 191 566 231 socii?
594 206 660 242 per
678 206 745 229 vos
765 193 804 229 et
822 191 937 229 fortia
954 191 1066 237 facta,

140 250 216 287 Per
234 249 340 286 ducis
360 246 532 285 Evandri
549 259 700 291 nomen,
721 245 944 294 devictaque
960 245 1068 291 bella,

140 303 329 353 Spemque
348 314 483 346 meam,
502 299 635 349 patriae
654 312 736 348 quae
755 312 856 335 nunc
876 298 979 335 subit
999 297 1133 334 aemula
1150 296 1266 344 laudi,

143 356 274 394 Fidite
293 369 340 393 ne
359 354 528 405 pedibus.
586 352 703 390 Ferro
722 352 933 401 rumpenda
950 364 1017 401 per
1035 351 1166 388 hostes

143 409 219 447 Est
237 409 310 446 via.
367 408 453 454 Qua
471 406 608 457 globus
627 405 690 443 ille
709 405 835 442 virum
854 404 1098 442 densissimus
1116 406 1241 455 iu'get,

142 463 232 500 Hac
251 476 318 500 vos
338 464 378 499 et
398 461 576 498 Pallanta
595 459 729 496 ducem
748 458 872 509 patria
891 458 969 495 alta
987 458 1162 508 reposcit.

142 515 319 554 Numina
336 515 442 552 nulla
459 515 661 564 premunt;
689 512 842 550 mortali
861 525 1042 562 urgemur
1061 511 1107 548 ab
1126 511 1238 549 hoste

144 569 354 615 Mortales3
382 567 548 605 totidem
567 566 676 603 nobis
696 566 905 615 animaeque
926 578 1146 614 manusque.

143 623 257 668 Ecce,
276 622 391 659 maris
410 633 551 671 magna
570 619 712 657 claudit
731 632 800 656 nos
820 618 938 668 objice
957 620 1121 668 pontus;

145 676 268 713 Deest
281 675 363 726 jam
383 677 485 712 terra
503 674 606 723 fugae
623 688 630 710 z
659 673 814 723 pelagus
835 672 1037 722 Trojamne
1055 674 1229 721 petemus
1247 669 1264 709 P
1279 669 1303 685 '²

146 729 249 767 Haec
269 729 335 774 ait,
356 730 395 766 et
414 727 560 765 medius
581 726 715 764 densos
734 725 949 776 prorumpit
968 725 1008 761 in
1027 725 1170 763 hostes.

148 782 294 820 Obvius
313 782 403 819 huic
422 781 599 831 primum,
619 779 709 817 fatis
729 779 916 816 adductus
936 778 1086 828 iniquis,

149 836 217 873 Fit
236 835 388 885 Lagus:
417 835 532 880 hunc,
551 846 692 882 magno
711 832 818 870 vellit
838 832 928 868 dum
947 832 1112 882 pondere
1131 845 1276 877 saxum,

148 889 305 926 Intorto
325 889 412 939 figit
430 888 521 934 telo,
541 886 760 923 discrimina
779 885 894 923 costis

148 942 224 980 Per
243 942 411 979 medium
431 955 505 992 qua
523 939 632 989 spina
651 940 789 986 dabat3
816 939 1042 987 hastamque
1061 940 1231 988 receptat

148 996 307 1033 Ossibus
326 995 546 1032 haerentem.
607 994 729 1041 Quem
747 1007 824 1030 non
844 1006 957 1042 super
976 992 1135 1029 occubat
1155 991 1294 1038 Hisbo,

148 1049 223 1087 Ille
244 1049 397 1098 quidem
415 1049 488 1086 1100
508 1061 661 1099 sperans
678 1063 686 1085 :
715 1060 805 1084 nam
825 1046 950 1083 Pallas
970 1048 1059 1082 ante
1077 1048 1264 1092 ruentem,

148 1103 257 1140 Dum
275 1102 381 1148 furit,
400 1102 600 1139 incautum
618 1100 760 1138 crudeli
778 1102 902 1137 morte
921 1099 1070 1145 sodalis,

149 1156 319 1206 Excipit,
339 1158 454 1205 atque
473 1169 602 1193 ensem
619 1154 769 1192 tumido
788 1153 828 1190 in
847 1153 1025 1203 pulmone
1044 1151 1228 1189 recondit.

148 1209 255 1247 Hinc
275 1209 500 1246 Sthenelum
518 1209 630 1259 petit,
650 1210 689 1246 et
709 1206 846 1244 Rhoeti
866 1206 911 1243 de
930 1208 1045 1256 gente
1063 1207 1219 1242 vetusta

148 1262 441 1308 Anchemolum,
460 1262 651 1299 thalamos
671 1274 805 1298 ausum
824 1260 1009 1297 incestare
1027 1272 1214 1296 novercae.

149 1316 228 1354 Vos
249 1316 363 1353 etiam
384 1315 527 1366 gemini
547 1314 707 1352 Rutulis
727 1313 916 1351 cecidistis
935 1313 974 1350 in
995 1312 1105 1357 arvis,

149 1369 308 1415 Daucia,
328 1369 466 1406 Laride
486 1369 769 1419 Thymberque,
790 1366 983 1404 simillima
1001 1366 1137 1416 proles,

150 1423 364 1460 Indiscreta
383 1422 460 1459 suis
479 1425 688 1472 gratusque
707 1420 929 1471 parentibus
949 1433 1073 1466 err0r3

151 1477 207 1513 At
226 1489 327 1513 nunc
347 1476 441 1513 dura
460 1475 565 1513 (ledit
584 1475 691 1513 vobis
711 1474 930 1512 discrimina
949 1473 1074 1510 Pallas
1091 1489 1099 1510 z

151 1529 257 1567 Nam
277 1529 361 1576 tibi,
382 1529 589 1579 Thymbre,
613 1530 728 1578 caput
748 1527 965 1564 Evandrius
986 1526 1147 1564 abstulit
1167 1526 1289 1572 eusis;

151 1583 203 1620 Te
223 1582 347 1620 decisa
365 1596 489 1629 suum,
510 1582 660 1628 Laride,
680 1582 835 1619 dextera
855 1580 1008 1630 quaerit,

153 1636 474 1686 Semianimesque
492 1636 638 1673 micant
658 1634 783 1685 digiti,
804 1634 1021 1682 ferrumque
1040 1634 1261 1670 retractant.

151 1689 320 1726 Arcadas
340 1702 514 1727 accensos
533 1688 697 1735 monitu,
718 1690 757 1726 et
777 1687 957 1738 praeclara
974 1688 1129 1723 tuentes

153 1743 275 1780 Facta
292 1742 376 1789 viri,
396 1742 540 1779 mixtus
561 1742 667 1779 dolor
686 1743 725 1779 et
743 1741 866 1791 pudor
885 1742 1009 1778 armat
1027 1739 1068 1776 111
1086 1739 1229 1777 hostes.

153 1796 255 1833 Tum
275 1795 402 1833 Pallas
421 1795 562 1847 bijugis
581 1795 795 1846 fugientem
815 1794 982 1832 Rhoetea
1000 1794 1140 1843 praeter

152 1849 323 1900 Trajicit.
378 1849 468 1886 Hoc
487 1848 666 1899 spatium,
690 1850 921 1898 tantumque
938 1860 1053 1884 morae
1071 1845 1147 1884 fuit
1166 1845 1248 1892 Ι10;

153 1903 214 1940 Ilo
234 1916 398 1952 namque
417 1902 552 1952 procul
569 1902 736 1939 validam
755 1901 943 1939 direxerat
962 1901 1126 1946 hastam,

154 1956 280 2002 Quam
298 1956 446 1993 medius
466 1955 656 1994 Rhoeteus
674 1954 882 2004 intercipit,
902 1953 1047 2003 optime
1066 1953 1251 1998 Teuthra,

153 2009 208 2047 Te
228 2009 390 2060 fugiens,
409 2010 642 2058 fratremque
662 2008 813 2059 Tyren3
843 2020 1029 2057 curruque
1047 2006 1203 2044 volutus

154 2062 278 2100 Caedit
298 2062 529 2100 semianimis
549 2062 786 2100 Rutulorum
805 2061 969 2099 calcibus
989 2073 1088 2098 arva.

153 2116 212 2154 Ac
231 2116 349 2163 velut,
369 2118 503 2166 optato
522 2115 649 2154 ventis
669 2117 802 2153 aestate
821 2114 972 2161 coortis,

153 2170 337 2220 Dispersa
354 2169 537 2207 immittit
557 2169 661 2207 silvis
680 2168 856 2207 incendia
873 2170 1004 2218 pastor
1021 2183 1030 2214 ;

154 2223 350 2273 Correptis
370 2223 498 2261 subito
517 2222 664 2269 mediis,
684 2222 906 2260 extenditur
923 2234 1002 2258 una

153 2276 325 2314 Horrida
342 2290 409 2326 per
427 2276 527 2314 latos
547 2276 644 2314 acies
663 2275 852 2314 Vulcania
871 2288 1023 2325 campos
1041 2290 1049 2321 ;

155 2329 228 2367 Ille
247 2330 380 2367 sedens
398 2330 523 2368 victor
540 2330 714 2367 flammas
735 2329 932 2379 despectat
952 2329 1110 2366 ovantes
1128 2343 1136 2364 :

156 2382 250 2420 Non
268 2383 378 2421 aliter
397 2383 542 2421 socium
560 2383 684 2421 virtus
704 2383 781 2421 coit
801 2382 924 2420 omnis
942 2381 983 2418 in
1002 2394 1136 2427 unum,

157 2435 286 2485 Teque
298 2436 423 2486 juvat,
446 2436 565 2475 Palla.
622 2436 696 2474 Sed
714 2436 822 2474 bellis
842 2448 927 2473 acer
945 2434 1114 2472 Halesus

157 2488 299 2526 Tendit
317 2489 358 2526 in
377 2490 565 2536 adversos,
585 2503 698 2540 seque
715 2489 756 2527 in
775 2502 843 2527 sua
861 2488 1007 2538 colligit
1026 2500 1142 2525 arma.

158 2541 237 2579 Hic
256 2545 403 2580 mactat
422 2543 592 2590 Ladona,
611 2543 864 2593 Pheretaque,
883 2542 1224 2590 Demodocumque

158 2594 380 2646 Strymonio
400 2596 576 2634 dextram
593 2596 760 2647 fulgenti
778 2595 917 2647 deripit
937 2608 1024 2633 ense
