1674 2775
606 88 796 116 AENEIDOS
816 88 898 114 LIB.
920 88 978 115 XI.

153 182 238 220 Nec
252 197 330 221 non
350 182 552 234 Messapus
572 185 717 230 contra,
736 184 946 233 celeresque
965 184 1109 232 Latini,

151 235 209 273 Et
229 250 317 274 cum
335 237 453 274 fratre
473 237 600 284 Coras,
621 241 660 275 et
678 238 838 288 virginis
857 238 917 276 ala
937 238 1116 285 Camillae,

151 290 315 328 Adversi
334 304 467 340 campo
486 293 681 341 apparent,
700 291 904 342 hastasque
923 292 1089 329 reductis

152 343 398 381 Protendunt
417 344 529 394 longe
549 344 702 390 dextris,
723 347 762 381 et
782 345 925 394 spicula
943 345 1119 391 vibrant3

151 397 428 447 Adventusque
447 397 573 434 virum
591 398 839 448 fremitusque
858 398 1020 436 ardescit
1040 412 1234 449 equorum.

152 449 318 500 Jamque
337 451 441 488 intra
452 451 602 502 jactum
620 452 689 489 teli
706 465 928 502 progressus
948 454 1107 502 uterque

152 503 387 541 Substiterat
404 521 412 541 ε
442 505 569 542 subito
589 510 795 555 erumpunt
814 506 987 552 clamore,
1007 506 1288 557 frementesque

151 556 422 595 Exhortantur
441 571 578 608 equos3
606 559 774 596 fundunt
794 559 907 596 simul
925 559 1091 609 undique
1110 559 1187 597 tela

152 610 293 648 Crebra
311 611 410 648 nivis
429 612 519 657 ritu,
539 611 752 662 coelumque
771 612 966 650 obtexitur
983 613 1131 650 umbra.

152 664 346 702 Continuo
366 665 530 702 adversis
549 665 770 716 Tyrrhenus
790 668 829 703 et
849 679 932 703 acer
951 667 1146 703 Aconteus

152 717 316 755 Connixi
335 718 535 756 incurrunt
553 719 686 764 hastis,
706 719 892 769 primique
911 719 1062 756 ruinam

151 770 262 808 Dant
282 772 411 809 sonitu
428 771 590 822 ingenti,
609 773 870 823 perfractaque
890 773 1247 823 quadrupedantum

151 823 315 862 Pectora
332 826 547 875 pectoribus
566 828 762 876 rumpunt.
819 826 1011 863 Exn-ussus
1031 827 1228 864 Aconteus

151 877 341 915 Fulminis
361 878 400 915 in
420 892 575 926 morem,
596 882 663 916 aut
681 882 876 917 tormento
895 880 1071 930 ponderis
1092 880 1178 926 acti,

151 930 374 982 Praecipitat
393 932 517 983 longe,
538 935 576 970 et
595 933 716 971 vitam
736 933 920 983 dispergit
940 933 980 970 in
999 947 1119 970 auras.

151 984 361 1036 Extemplo
380 986 547 1024 turbatae
566 986 674 1033 acies,
693 987 866 1037 versique
886 986 1017 1024 Latini

151 1037 349 1089 Rejiciunt
368 1053 529 1089 parmas,
549 1042 588 1077 et
608 1053 724 1090 equos
744 1040 792 1077 ad
810 1040 952 1077 moenia
969 1042 1140 1078 vertunt.

152 1091 272 1130 Tro‘es
292 1095 436 1143 agunt;
464 1093 637 1143 princeps
656 1096 802 1131 turmas
822 1093 970 1131 inducit
990 1094 1140 1144 Asylas.

152 1145 318 1196 Jamque
338 1146 642 1196 propinquabant
660 1147 793 1197 portis,
812 1161 1016 1197 rursusque
1036 1147 1168 1185 Latini

152 1198 367 1237 Clamorem
386 1200 541 1247 tollunt,
561 1203 599 1238 et
619 1200 748 1238 mollia
767 1201 863 1238 colla
880 1201 1106 1247 reflectunt3

152 1252 211 1290 Hi
228 1253 394 1303 fugiunt,
414 1253 642 1304 penitusque
661 1254 760 1291 datis
780 1255 998 1292 referuntur
1016 1254 1184 1292 habenis.

153 1306 284 1353 Qualis
303 1307 369 1344 ubi
388 1307 534 1344 alterno
553 1321 776 1357 procurrens
797 1308 951 1359 gurgite
969 1310 1111 1358 pontus

150 1360 267 1398 Nunc
286 1360 364 1398 ruit
384 1360 432 1397 ad
450 1363 581 1407 terras,
601 1361 847 1412 scopulosque
867 1362 1069 1413 superjacit
1088 1362 1230 1399 undam

151 1413 350 1463 Spumeus,
370 1416 654 1465 extremamque
673 1415 760 1453 sinu
777 1415 973 1465 perfundit
993 1429 1166 1461 arenam3

150 1466 267 1504 Nunc
286 1467 438 1518 rapidus
457 1471 571 1515 retro,
591 1470 705 1518 atque
725 1473 823 1506 aestu
841 1469 1015 1507 revoluta
1032 1469 1227 1506 resorbens

151 1520 248 1558 Saxa
266 1521 379 1571 fugit,
399 1521 565 1571 litusque
584 1522 680 1560 vado
699 1522 850 1560 labente
870 1522 1063 1572 relinquit.

150 1573 220 1611 Bis
240 1574 355 1612 Tusci
375 1574 542 1612 Rutulos
562 1588 671 1626 egere
691 1576 738 1613 ad
756 1576 897 1613 moenia
915 1589 1064 1613 versos:

150 1627 219 1665 Bis
238 1628 368 1678 rejecti
387 1629 501 1665 armis
519 1631 735 1679 respectant
754 1631 865 1680 terga
882 1632 1070 1680 tegentes.

152 1681 284 1719 Tertia
303 1682 368 1719 sed
386 1684 591 1732 postquam
610 1683 801 1734 congressi
819 1684 860 1720 in
879 1683 1020 1734 proelia,
1040 1684 1144 1720 totas

150 1733 378 1785 Implicuere
397 1736 498 1773 inter
516 1749 555 1774 se
574 1736 681 1783 acies,
701 1737 870 1787 legitque
890 1737 1015 1774 virum
1033 1736 1113 1773 vir:

150 1788 253 1825 Tum
271 1801 359 1826 vero
379 1791 418 1826 et
437 1789 603 1840 gemitus
622 1790 866 1835 morientum,
887 1793 926 1828 et
946 1789 1130 1840 sanguine
1149 1789 1189 1826 in
1209 1789 1286 1827 alto

148 1842 354 1892 Armaque,
375 1856 614 1893 corporaque,
634 1846 673 1881 et
692 1844 872 1893 permixti
891 1844 995 1881 caede
1014 1843 1184 1880 virorum

149 1895 383 1933 Semanimes
402 1896 609 1934 volvuntur
628 1897 736 1947 equi3
764 1910 895 1948 pugna
914 1910 1044 1947 aspera
1063 1896 1199 1946 surgit.

149 1948 369 1987 Orsilochus
389 1949 554 1997 Remuli,
575 1951 725 2000 quando
744 1950 870 2001 ipsum
889 1950 1070 1988 horrebat
1090 1950 1203 1995 adire,

148 2002 317 2040 Hastam
336 2003 491 2041 intorsit
511 2017 618 2054 equo,
637 2004 852 2055 ferrumque
871 2004 941 2042 sub
961 2017 1049 2041 aure
1068 2003 1243 2054 reliquit:

147 2056 233 2103 Quo
253 2057 402 2107 sonipes
420 2057 501 2094 ictu
519 2057 613 2094 furit
632 2058 783 2104 arduus,
803 2058 955 2108 altaque
967 2058 1092 2108 jactat

146 2109 326 2148 Vulneris
345 2110 548 2161 impatiens
568 2114 713 2149 arrecto
732 2114 884 2162 pectore
904 2125 1024 2148 crura.

146 2162 328 2201 Volvitur
346 2164 408 2202 ille
427 2177 604 2202 excussus
622 2165 743 2202 humi.
801 2165 962 2202 Catillus
983 2164 1118 2211 Iollan,

147 2216 430 2268 Ingentemque
449 2218 596 2266 animis,
616 2218 814 2270 ingentem
833 2232 988 2269 corpore
1007 2221 1047 2256 et
1066 2217 1180 2256 armis

147 2269 291 2321 Dejicit
311 2271 580 2319 Herminium3
608 2273 711 2310 nud'o
731 2273 794 2310 cui
812 2273 953 2310 vertice
972 2272 1077 2309 fulva

147 2322 337 2371 Caesaries,
356 2325 522 2375 nudique
540 2326 712 2372 humeri;
740 2339 809 2364 nec
827 2326 984 2363 vulnera
1001 2327 1172 2371 terrent3

148 2375 296 2415 Tantus
316 2379 357 2415 in
376 2392 481 2416 arma
498 2382 618 2430 patet.
674 2381 793 2418 Latos
812 2380 902 2417 huic
921 2380 1034 2417 hasta
1052 2392 1119 2429 per
1138 2392 1263 2416 armos

146 2430 249 2468 Acta
267 2432 410 2479 tremit,
430 2432 671 2484 duplicatque
690 2433 816 2471 virum
833 2433 1018 2471 transfixa.
1036 2432 1175 2470 dolore.

147 2483 342 2522 Funditur
360 2488 442 2523 ater
459 2486 600 2537 ubique
619 2500 750 2525 cruor:
780 2487 875 2524 dant
893 2487 1027 2525 funera
1044 2486 1144 2524 ferro

146 2536 347 2576 Oertantes
366 2539 639 2590 pulchramque
657 2542 797 2591 petunt
815 2554 882 2590 per
899 2540 1057 2577 vulnera
1073 2541 1250 2578 mortem.

198 2591 255 2629 At
273 2592 415 2630 medias
433 2592 534 2631 inter
553 2594 675 2632 caedes
694 2593 861 2632 exsultat
880 2594 1065 2641 Amazon,

1352 82 1430 119 367
