1705 2744
208 43 357 81 ,Vr-“n
1356 36 1361 41 Ι

137 66 148 85 ⁴
169 79 172 82 ’
225 80 306 118 104'
428 80 432 83 ⁷
632 90 667 117 Ρ.
687 63 1081 117 vmamf'ft'mssoms

227 184 403 235 Contigit
422 184 618 235 oppetere!
648 198 670 222 o
688 184 867 222 Danaum
884 182 1088 222 fortissime
1106 182 1232 233 gentis

227 239 386 289 Tydide,
405 251 514 276 mene
533 237 659 275 Iliacis
679 238 898 275 occumbere
917 237 1059 286 campis

227 292 319 330 Non
338 291 517 341 potuisse,
535 293 676 341 tuaque
695 291 860 328 animam
877 290 975 327 hanc
995 289 1184 327 effundere
1203 287 1357 326 dextra!

229 345 359 382 Saevus
378 345 445 382 ubi
463 343 631 381 AEacidae
648 344 726 381 telo
739 343 842 393 jacet
861 343 1021 389 Hector,
1039 341 1106 379 ubi
1123 341 1259 392 ingens

230 397 443 448 Sarpedon3
470 397 536 434 ubi
554 399 616 434 tot
636 396 773 434 Simois
793 398 964 446 correpta
984 395 1053 432 sub
1072 395 1183 432 undis

230 451 348 489 Scuta
365 451 489 488 virum
508 450 706 501 galeasque
725 452 764 487 et
782 449 897 486 fortia
915 462 1070 498 corpora
1086 448 1249 485 volvit.’'

285 504 393 541 Talia
404 503 569 553 jactanti
588 503 750 540 stridens
770 502 943 552 aquilone
961 501 1123 551 procella

230 557 368 595 Velum
387 557 542 594 adversa
559 556 658 603 ferit,
678 556 890 605 fluctusque
909 555 957 592 ad
975 555 1096 592 sidera
1113 553 1229 591 tollit.

233 610 483 660 Franguntur
500 609 616 656 remi3
644 612 730 646 tum
749 622 860 659 prora
877 607 1028 653 avertit,
1049 609 1088 644 et
1106 607 1218 644 undis

232 664 313 701 Dat
331 663 453 709 latus3
480 663 692 712 insequitm·
711 662 861 699 cumulo
879 662 1094 711 praeruptus
1112 671 1220 709 aquae
1238 672 1361 696 mons.

232 716 291 753 Hi
309 729 456 753 summo
475 716 514 753 in
533 716 654 753 fluctu
670 715 838 765 pendent
854 731 862 761 ;
890 714 950 751 his
969 714 1071 751 unda
1089 712 1284 750 dehiscens

233 770 390 807 Terram
407 769 507 806 inter
525 769 663 806 fluctus
682 768 803 819 aperit
819 785 827 805 z
855 767 949 804 furit
967 768 1083 804 aestus
1102 765 1235 803 arenis.

233 823 326 861 Tres
345 824 459 860 notus
479 823 652 872 abreptas
671 822 710 859 in
730 835 818 858 saxa
834 820 996 858 latentia
1012 821 1189 869 torquet:

234 876 332 913 Saxa
349 878 488 914 vocant
507 875 610 922 Itali,
631 875 762 913 mediis
782 887 866 925 quae
883 874 924 911 in
941 873 1132 918 fluctibus,
1152 873 1249 909 Aras
1265 887 1274 917 ;

235 930 405 967 Dorsum
422 929 587 966 immane
605 928 701 966 mari
720 941 881 965 summo.
936 926 1029 964 Tres
1048 926 1176 963 Eurus
1195 925 1242 962 ab
1261 923 1342 962 alto

234 982 285 1019 In
302 982 431 1020 brevia
449 984 488 1020 et
507 984 629 1032 syrtes
648 984 772 1032 urget,
791 980 1003 1018 miserabile
1020 979 1116 1024 visu,

235 1035 433 1086 Illiditque
451 1036 556 1073 vadis
576 1038 689 1085 atque
709 1047 846 1085 aggere
866 1033 987 1083 cingit
1005 1045 1139 1070 arenae.

235 1089 375 1136 Unam,
395 1102 480 1139 quae
499 1088 637 1139 Lycios
656 1089 848 1138 fidumque
866 1087 1029 1124 vehebat
1049 1085 1232 1131 Oronten,

236 1142 362 1192 Ipsius
382 1145 471 1180 ante
490 1142 615 1179 oculos
634 1142 768 1191 ingens
788 1154 810 1178 a
827 1140 967 1177 vertice
986 1141 1128 1189 pontus

236 1195 287 1232 In
306 1195 465 1245 puppim
483 1195 592 1240 ferit3
620 1194 813 1232 excutitur
831 1206 1046 1243 pronusque
1064 1191 1248 1241 magister

236 1249 416 1286 Volvitur
434 1248 474 1285 in
493 1250 607 1298 caput
622 1264 630 1294 3
659 1250 718 1285 ast
736 1247 841 1284 illam
858 1248 918 1283 ter
936 1246 1075 1283 fluctus
1093 1244 1235 1281 ibidem

237 1302 407 1352 Torquet
427 1314 542 1352 agens
561 1301 713 1346 circum,
733 1303 772 1338 et
790 1299 942 1349 rapidus
961 1300 1070 1336 vorat
1089 1310 1234 1348 aequore
1252 1298 1395 1334 vertex.

238 1356 436 1405 Apparent
455 1355 529 1392 rari
548 1356 683 1391 nantes
703 1354 741 1391 in
761 1353 914 1403 gurgite
933 1354 1054 1398 vasto,

238 1409 358 1446 Arma
375 1408 499 1445 virum
519 1407 732 1456 tabulaeque
751 1409 790 1444 et
810 1406 926 1443 Troia
945 1418 1038 1455 gaza
1056 1417 1122 1454 per
1141 1403 1274 1440 undas.

239 1461 267 1498 J
269 1475 331 1499 am
348 1461 512 1498 validam
532 1460 669 1498 Ilionei
687 1473 834 1506 navem,
848 1459 928 1509 jam
949 1458 1057 1495 fortis
1077 1457 1248 1502 Achatae,

239 1515 295 1552 Et
316 1528 389 1565 qua
407 1517 539 1552 vectus
559 1514 674 1560 Abas,
695 1515 733 1551 et
753 1526 827 1563 qua
844 1512 1066 1562 grandaevus
1086 1510 1230 1555 Aletes,

239 1568 345 1605 Vicit
362 1567 506 1606 hiems:
535 1567 628 1604 laxis
647 1567 811 1604 laterum
830 1564 1074 1614 compagibus
1094 1576 1224 1600 omnes

218 1650 221 1652 —
241 1621 447 1671 Accipiunt
465 1620 662 1658 inimicum
680 1620 852 1665 imbrem,
871 1618 1051 1667 rimisque
1070 1617 1267 1654 fatiscunt.
1637 1619 1676 1691 ,l

180 1692 269 1707 νω-
295 1674 449 1715 Interea
466 1687 626 1725 113,ssng
625 1672 776 1721 miscegi
779 1684 984 1723 „murmure
1003 1672 1177 1720 pontum,
1256 1682 1285 1709 b>
1333 1668 1379 1705 22⁴.
1414 1658 1464 1698 ἵζ’
1494 1638 1522 1692 fi
1580 1662 1645 1714 Ὑφ’

242 1728 508 1777 Emissamque
525 1727 692 1764 hiemem
711 1725 830 1771 sensit
841 1719 1065 1774 *Neptunus
1085 1726 1124 1760 et
1142 1722 1229 1760 imis
1262 1717 1290 1766 fl
1327 1735 1340 1754 ‚a
1369 1713 1487 1760 [aad
1525 1717 1566 1765 “f''
1590 1707 1689 1752 ³⁰¹¹&

244 1781 389 1832 Stha
406 1781 530 1818 refusa
548 1780 665 1827 vadis,
685 1779 853 1830 graviter
871 1780 1106 1823 commotus3
1135 1778 1174 1814 et
1193 1765 1278 1820 §Mad
1540 1769 1549 1792 ³¹

244 1834 494 1886 Prospiciens,
514 1846 662 1870 summa
679 1822 870 1883 placidum
889 1831 1003 1881 caput
1022 1830 1160 1868 extulit
1178 1829 1298 1867 unda-

244 1884 604 1938 D'isjectam‘AEneae
622 1888 707 1924 toto
726 1885 831 1923 videt
851 1897 997 1934 aequore
1015 1884 1183 1929 classem,
1378 1910 1398 1931 ,-
1406 1908 1422 1930 f
1435 1902 1444 1920 ι

224 1982 227 1983 ⁷
244 1941 445 1978 Fluctibus
465 1953 658 1990 oppressos
679 1939 796 1978 Troas
816 1938 972 1988 coelique
981 1950 1121 1983 ruina,
1196 1938 1212 1968 ’ἴ
1229 1935 1235 1944 ”
1260 1946 1261 1949 ’
1289 1906 1351 1994 β’
1364 1932 1405 1958 ‘¹2‘

205 1990 328 2031 ‘'<Ne0
347 1994 490 2041 latuere
509 1993 586 2030 doli
605 1993 762 2030 fratrem
780 1983 945 2029 Junofn‘s
966 1992 1004 2037 et
1022 1990 1098 2027 irae.

244 2047 394 2083 Eurum
413 2041 461 2083 ad
479 2059 518 2083 se
538 2046 828 2096 Zephyrumque
845 2041 957 2082 vocat
972 2060 979 2089 ;
1008 2042 1144 2080 dehinc
1161 2040 1255 2078 talia
1272 2041 1375 2078 fatur
1388 2055 1398 2075 ;

244 2103 265 2119 “
280 2100 453 2136 Tantane
471 2112 538 2136 vos
557 2099 704 2147 generis
722 2098 850 2135 tenuit
868 2096 1006 2133 fiducia
1023 2095 1140 2132 vestri
1158 2093 1175 2132 Ῥ
1526 2123 1531 2139 s

243 2152 272 2190 J
274 2166 335 2190 am
355 2153 498 2198 eoelum?
509 2154 723 2201 terramque
742 2164 825 2187 meo
845 2149 923 2187 sine
941 2148 1108 2195 numine,
1126 2147 1255 2194 Venti,
1321 2160 1323 2166 ·
1454 2147 1458 2151 ’
1482 2147 1484 2149 ’
1562 2194 1565 2198 .
1608 2168 1609 2173 =
1631 2141 1689 2282 εἴ

1637 2241 1645 2256 (-

244 2201 410 2255 Miscere
427 2207 465 2243 et
483 2207 612 2242 tantas
632 2203 778 2241 audetis
797 2203 930 2240 tollere
946 2201 1064 2239 moles
1081 2201 1099 2239 Ρ

246 2259 350 2308 Quos
369 2258 569 2310 ego—JSed
586 2259 711 2295 motos
730 2258 888 2307 Pffiesffl‘ss
908 2268 1130 2305 componere
1149 2254 1301 2291 fluctus.

246 2312 343 2363 Q}
361 2312 458 2348 mihi
475 2325 553 2349 non
571 2310 685 2361 Simili
702 2323 815 2361 poena
832 2308 1031 2347 commissa
1048 2307 1175 2345 luetis.
1704 2303 1705 2331 1

245 2365 444 2403 Maturate
462 2365 604 2415 fugam,
623 2363 777 2414 regique
795 2363 875 2400 haec
895 2362 1009 2399 dicite
1026 2363 1176 2398 vestro:

246 2419 339 2456 Non
357 2418 413 2455 illi
430 2418 633 2468 imperium
650 2417 775 2468 pelagi
794 2428 1008 2465 saevumque
1026 2414 1245 2459 tridentem,

247 2471 322 2509 Sed
339 2471 436 2508 mihi
455 2473 556 2508 sorte
576 2470 721 2508 datum.
778 2470 901 2508 Tenet
918 2469 981 2506 ille
999 2467 1182 2505 immania
1200 2480 1303 2513 saxa,

243 2525 411 2575 Vestras,
431 2524 546 2571 Eure,
566 2524 697 2562 domos
712 2540 720 2571 ;
747 2524 812 2561 illa
830 2536 868 2560 se
881 2523 1003 2573 jactet
1020 2521 1061 2558 in
1079 2520 1164 2557 aula

176 2595 179 2599 ⁴
216 2601 219 2605 ·
245 2576 390 2626 AEolus,
409 2580 448 2616 et
468 2574 593 2617 clauso
611 2580 815 2616 ventorum
833 2588 978 2615 carcere
995 2573 1169 2625 regnet-’²
