1705 2744
255 106 330 144 198
662 118 699 144 P.
717 117 902 144 1711101111
921 118 1109 145 1111101113

255 211 304 248 Ι11
323 223 425 248 111310
443 211 672 261 praecipitem
691 212 805 262 puppi
826 212 1003 250 deturbat
1022 213 1068 250 ab
1088 213 1185 251 alta:

257 264 345 314 Ipse
363 264 588 314 gubernaclo
607 267 730 303 rector
749 265 862 312 subit,
881 266 959 316 ipse
977 266 1170 316 magister,

256 317 523 367 Hortaturque
541 318 652 364 viros,
672 318 892 368 clavumque
911 319 957 356 ad
975 319 1088 356 litora
1105 321 1270 369 torquet.

257 371 314 407 At
332 370 469 421 gravis,
488 372 533 407 ut
552 370 668 410 fundo
687 371 751 408 vix
769 372 924 409 tandem
942 372 1112 409 redditus
1129 372 1206 410 imo
1225 374 1284 409 est

258 423 348 460 Jam
368 424 500 469 senior,
520 424 742 474 madidaque
760 424 879 461 fluens
896 424 937 461 in
954 428 1070 471 veste,
1091 425 1291 473 Menoetes,

258 476 414 513 Summa
431 476 529 526 petit
548 476 702 527 scopuli,
722 477 890 527 siccaque
908 477 949 514 in
966 491 1058 528 rupe
1076 478 1226 516 resedit.

256 529 373 566 Illum
391 532 430 566 et
448 529 637 567 labentem
656 530 791 567 Teucri
809 533 848 567 et
866 530 978 568 n'sere
996 533 1214 577 natantem3

259 582 333 632 [Et
352 582 466 619 salsos
484 583 610 620 rident
627 585 884 621 revomentem
901 586 1051 633 pectore
1069 583 1238 634 fluctus]

256 635 333 673 Hic
351 635 438 672 laeta
456 636 632 673 extremis
652 649 734 686 spes
754 638 811 673 est
830 649 983 674 accensa
1001 636 1157 683 duobus,

256 688 433 739 Sergesto
452 688 731 739 Mnestheique,
752 689 864 740 Gyan
883 702 1054 739 superare
1072 667 1297 728 mor'antem.

255 742 452 792 Sergestus
471 742 572 792 capit
591 745 678 780 ante
695 742 831 789 locum,
851 743 1075 792 scopuloque
1093 743 1344 794 propinquat;

255 795 338 832 Nec
356 797 442 832 tota
458 797 588 832 tamen
605 795 666 833 isse
685 795 786 845 prior
803 797 993 845 praeeunte
1012 795 1157 842 carina3

254 848 370 885 Parte
388 848 510 898 prior3
535 851 684 909 partem
702 851 825 886 rostro
843 849 982 899 premit
1000 849 1134 887 aemula
1153 849 1301 887 Pristis.

254 901 311 938 At
328 901 452 939 media
469 902 588 939 socios
605 902 780 939 incedens
798 915 893 939 nave
911 915 977 952 per
994 902 1094 952 ipsos

253 954 446 992 Hortatur
465 955 712 993 Mnestheus:
743 955 903 1001 “,Nunc
921 969 1021 992 nunc
1039 955 1225 1006 insurgite
1242 955 1367 1002 remis,

254 1008 437 1045 Hectorei
455 1008 556 1054 socii,
576 1008 700 1059 Trojae
720 1021 813 1058 quos
832 985 932 1046 sorte
951 1022 1124 1068 suprema

254 1060 391 1111 Delegi
410 1061 587 1107 comites;
615 1075 715 1098 nunc
733 1061 815 1098 illas
834 1061 996 1111 promite
1014 1061 1123 1108 vires,

254 1114 295 1150 N
296 1127 369 1151 unc
389 1114 544 1160 animos,
564 1114 698 1164 quibus
716 1114 756 1151 in
776 1114 936 1152 Gaetulis
956 1115 1131 1165 Syrtibus
1149 1114 1219 1161 usi,

253 1167 437 1216 Ionioque
455 1167 561 1213 mari,
581 1167 789 1217 Maleaeque
808 1167 1026 1217 sequacibus
1045 1168 1167 1205 undis.

253 1220 373 1258 Non
358 1234 439 1271 Jam
457 1221 580 1270 prima
597 1223 685 1270 peto
705 1221 943 1266 Mnestheus
962 1234 1083 1271 neque
1102 1221 1250 1258 vincere
1269 1222 1394 1266 cert03

255 1273 492 1323 Quamquam
512 1274 554 1311 0!
583 1273 648 1311 sed
667 1277 854 1323 superent,
878 1251 1012 1323 quibus
1037 1274 1120 1320 hoc,
1140 1274 1333 1323 Neptune,
1353 1271 1511 1318 dedistig

253 1327 456 1364 Extremos
474 1327 614 1377 pudeat
633 1327 806 1364 rediisse:
835 1327 907 1364 hoc
926 1326 1078 1372 vincite,
1098 1326 1208 1373 cives,

252 1380 308 1417 Et
326 1380 522 1429 prohibete
541 1380 655 1417 nefas.
660 1380 682 1395 '
740 1379 815 1417 Olli
833 1379 1035 1417 certamine
1054 1393 1201 1416 summo

255 1432 540 1470 Procumbunt:
568 1433 685 1470 vastis
704 1433 836 1470 tremit
850 1433 988 1470 ictibus
1007 1446 1101 1470 aerea
1118 1432 1265 1482 puppis,

250 1485 568 1536 Subtrahiturque
587 1486 729 1531 solum;
757 1488 843 1523 tum
862 1486 988 1523 creber
1007 1486 1196 1523 anhelitus
1216 1488 1321 1523 artus

254 1538 444 1588 Aridaque
463 1552 528 1576 ora
546 1539 670 1588 quatit
685 1555 692 1585 ;
721 1539 833 1576 sudor
851 1539 937 1576 fluit
955 1539 1119 1588 undique
1137 1538 1238 1576 rivis.

253 1592 403 1629 Attulit
421 1592 500 1642 ipse
517 1592 607 1629 viris
627 1594 802 1642 optatum
821 1605 925 1629 casus
943 1592 1137 1629 honorem.

253 1645 430 1694 Namque
448 1645 574 1682 furens
594 1645 720 1690 animi,
740 1644 831 1681 dum
849 1658 997 1694 proram
1018 1645 1064 1681 ad
1083 1658 1171 1682 saxa
1189 1644 1372 1694 suburget

254 1697 431 1744 Interior,
451 1698 646 1748 spatioque
665 1698 768 1735 subit
787 1697 984 1748 Sergestus
1003 1697 1154 1748 iniquo:

256 1750 394 1788 Infelix
413 1751 510 1788 saxis
528 1751 569 1788 in
586 1751 892 1801 procurrentibus
910 1750 1032 1788 haesit.

254 1803 454 1841 Concussae
473 1806 611 1851 cautes,
631 1806 669 1842 et
689 1806 800 1841 acuto
818 1803 859 1841 in
876 1804 1017 1842 murice
1034 1804 1129 1841 remi

255 1857 396 1894 Obnixi
413 1870 598 1907 crepuere,
616 1857 785 1907 illisaque
803 1870 914 1907 prora
930 1857 1121 1907 pependit.

256 1909 502 1960 Consurgunt
520 1913 657 1957 nautae,
677 1912 716 1948 et
735 1924 874 1960 magno
893 1910 1053 1948 clamore
1071 1911 1288 1948 morantur:

255 1962 506 2013 Ferratasque
524 1964 654 2001 tiudes
673 1966 712 2001 et
731 1966 843 2001 acuta
860 1963 1012 2024 cuspide
1031 1965 1163 2001 contos

255 2016 487 2065 Expediunt,
507 2016 719 2066 fractosque
737 2017 900 2067 legunt
889 2030 930 2053 m
948 2016 1101 2067 gurgite
1119 2029 1253 2054 remos.

255 2069 312 2105 At
330 2069 440 2106 laetus
459 2068 696 2114 Mnestheus,
716 2083 960 2118 successuque
979 2069 1097 2106 acrior
1114 2068 1207 2118 ipso,

255 2121 421 2171 Agmine
438 2135 628 2159 remorum
647 2100 766 2167 celeri,
785 2122 982 2172 ventisque
1000 2121 1154 2167 vocatis,

256 2174 383 2212 Prona
399 2174 498 2224 petit
516 2174 644 2220 maria,
664 2178 703 2212 et
721 2174 853 2224 pelago
872 2174 1037 2212 decurrit
1055 2152 1198 2224 aperto.

256 2227 385 2274 Qualis
404 2227 579 2277 spelunca
597 2227 722 2264 subito
742 2230 932 2264 commota
950 2227 1134 2274 columba,

256 2280 329 2318 Cui
347 2280 480 2317 domus
499 2283 538 2318 et
557 2280 682 2318 dulces
699 2280 886 2318 latebroso
904 2280 945 2317 in
962 2280 1110 2330 pumice
1128 2280 1219 2326 nidi,

256 2333 396 2371 Fertur
413 2333 453 2370 in
472 2347 560 2371 arva
577 2333 718 2380 volans,
736 2333 982 2383 plausumque
1001 2333 1181 2370 exterrita
1198 2333 1330 2384 pennis

255 2387 336 2424 Dat
354 2388 458 2424 tecto
476 2386 694 2437 ingentem3
723 2400 811 2424 mox
830 2389 915 2424 3010
933 2387 1036 2436 lapsa
1055 2386 1182 2436 quieto

256 2439 375 2477 Radit
393 2440 466 2479 iter
483 2440 680 2490 liquidum,
700 2439 834 2477 celeres
853 2453 973 2490 neque
992 2442 1206 2477 commovet
1225 2440 1322 2479 alas:

254 2492 316 2530 Sic
335 2492 572 2539 Mnestheus,
591 2493 643 2530 310
662 2493 742 2543 ipsa
759 2493 851 2543 fuga
868 2495 969 2530 secat
988 2493 1123 2530 ultima
1141 2493 1277 2530 Pristis

256 2546 434 2597 AEquora,
453 2547 505 2584 sic
523 2546 629 2584 issam
646 2546 721 2583 fert
739 2546 903 2596 impetus
921 2546 1000 2596 ipse
1018 2546 1223 2584 volantem.

255 2599 310 2637 Et
328 2600 494 2651 primum
511 2600 551 2638 in
570 2599 721 2650 scopulo
739 2599 949 2638 luctantem
969 2599 1107 2638 deserit
1126 2600 1204 2637 alto
