<?xml version="1.0" encoding="UTF-8"?>
<!DOCTYPE html PUBLIC "-//W3C//DTD XHTML 1.0 Transitional//EN"
    "http://www.w3.org/TR/xhtml1/DTD/xhtml1-transitional.dtd">
<html xmlns="http://www.w3.org/1999/xhtml" xml:lang="en" lang="en">
 <head>
  <title>
</title>
<meta http-equiv="Content-Type" content="text/html;charset=utf-8" />
  <meta name='ocr-system' content='tesseract 3.04.00' />
  <meta name='ocr-capabilities' content='ocr_page ocr_carea ocr_par ocr_line ocrx_word'/>
</head>
<body>
  <div class='ocr_page' id='page_1' title='image "./worksfromtextofh00virguoft_0125.png"; bbox 0 0 1705 2744; ppageno 0'>
   <div class='ocr_carea' id='block_1_1' title="bbox 0 1519 7 2129">
    <p class='ocr_par' dir='ltr' id='par_1_1' title="bbox 0 1519 7 2129">
     <span class='ocr_line' id='line_1_1' title="bbox 0 1519 7 2129; baseline 0 0"><span class='ocrx_word' id='word_1_1' title='bbox 0 1519 7 2129; x_wconf 95' lang='lat' dir='ltr'> </span> 
     </span>
    </p>
   </div>
   <div class='ocr_carea' id='block_1_2' title="bbox 599 81 1443 120">
    <p class='ocr_par' dir='ltr' id='par_1_2' title="bbox 599 81 1443 120">
     <span class='ocr_line' id='line_1_2' title="bbox 599 81 1443 120; baseline -0.002 -1"><span class='ocrx_word' id='word_1_2' title='bbox 599 92 839 120; x_wconf 78' lang='lat' dir='ltr'>GEORGICON</span> <span class='ocrx_word' id='word_1_3' title='bbox 857 92 940 119; x_wconf 72' lang='lat' dir='ltr'>Lm.</span> <span class='ocrx_word' id='word_1_4' title='bbox 960 91 1018 120; x_wconf 83' lang='lat' dir='ltr'>IV.</span> <span class='ocrx_word' id='word_1_5' title='bbox 1392 81 1443 118; x_wconf 86' lang='grc'>91</span> 
     </span>
    </p>
   </div>
   <div class='ocr_carea' id='block_1_3' title="bbox 175 187 1352 2650">
    <p class='ocr_par' dir='ltr' id='par_1_3' title="bbox 175 187 1221 453">
     <span class='ocr_line' id='line_1_3' title="bbox 175 187 1139 239; baseline -0.004 -11"><span class='ocrx_word' id='word_1_6' title='bbox 175 189 310 228; x_wconf 82' lang='lat' dir='ltr'>Omnis</span> <span class='ocrx_word' id='word_1_7' title='bbox 328 188 369 227; x_wconf 87' lang='grc'>111</span> <span class='ocrx_word' id='word_1_8' title='bbox 386 188 457 226; x_wconf 87' lang='lat' dir='ltr'>hac</span> <span class='ocrx_word' id='word_1_9' title='bbox 476 190 618 225; x_wconf 90' lang='lat' dir='ltr'>certam</span> <span class='ocrx_word' id='word_1_10' title='bbox 635 187 739 238; x_wconf 84' lang='lat' dir='ltr'>regio</span> <span class='ocrx_word' id='word_1_11' title='bbox 752 187 848 239; x_wconf 85' lang='lat' dir='ltr'>jacit</span> <span class='ocrx_word' id='word_1_12' title='bbox 867 189 947 225; x_wconf 81' lang='lat' dir='ltr'>arte</span> <span class='ocrx_word' id='word_1_13' title='bbox 966 187 1139 225; x_wconf 83' lang='lat' dir='ltr'>salutem.</span> 
     </span>
     <span class='ocr_line' id='line_1_4' title="bbox 175 241 1195 294; baseline -0.003 -13"><span class='ocrx_word' id='word_1_14' title='bbox 175 243 350 294; x_wconf 76' lang='lat' dir='ltr'>Exiguus</span> <span class='ocrx_word' id='word_1_15' title='bbox 368 242 533 293; x_wconf 85' lang='lat' dir='ltr'>primum</span> <span class='ocrx_word' id='word_1_16' title='bbox 552 244 665 292; x_wconf 86' lang='lat' dir='ltr'>atque</span> <span class='ocrx_word' id='word_1_17' title='bbox 683 242 784 292; x_wconf 87' lang='lat' dir='ltr'>ipsos</span> <span class='ocrx_word' id='word_1_18' title='bbox 803 243 1020 279; x_wconf 87' lang='lat' dir='ltr'>contractus</span> <span class='ocrx_word' id='word_1_19' title='bbox 1039 241 1088 278; x_wconf 90' lang='lat' dir='ltr'>ad</span> <span class='ocrx_word' id='word_1_20' title='bbox 1104 255 1195 278; x_wconf 89' lang='lat' dir='ltr'>usus</span> 
     </span>
     <span class='ocr_line' id='line_1_5' title="bbox 175 294 1152 347; baseline -0.002 -13"><span class='ocrx_word' id='word_1_21' title='bbox 175 297 348 347; x_wconf 78' lang='lat' dir='ltr'>Eligitur</span> <span class='ocrx_word' id='word_1_22' title='bbox 364 296 489 333; x_wconf 88' lang='lat' dir='ltr'>locus:</span> <span class='ocrx_word' id='word_1_23' title='bbox 518 295 620 333; x_wconf 89' lang='lat' dir='ltr'>hunc</span> <span class='ocrx_word' id='word_1_24' title='bbox 638 295 866 346; x_wconf 86' lang='lat' dir='ltr'>angustique</span> <span class='ocrx_word' id='word_1_25' title='bbox 884 294 1038 332; x_wconf 82' lang='lat' dir='ltr'>imbrice</span> <span class='ocrx_word' id='word_1_26' title='bbox 1057 294 1152 332; x_wconf 85' lang='lat' dir='ltr'>tecti</span> 
     </span>
     <span class='ocr_line' id='line_1_6' title="bbox 176 348 1221 400; baseline -0.002 -12"><span class='ocrx_word' id='word_1_27' title='bbox 176 350 464 400; x_wconf 90' lang='lat' dir='ltr'>Parietibusque</span> <span class='ocrx_word' id='word_1_28' title='bbox 482 350 661 399; x_wconf 83' lang='lat' dir='ltr'>premunt</span> <span class='ocrx_word' id='word_1_29' title='bbox 680 348 805 396; x_wconf 87' lang='lat' dir='ltr'>arctis,</span> <span class='ocrx_word' id='word_1_30' title='bbox 825 351 864 386; x_wconf 90' lang='lat' dir='ltr'>et</span> <span class='ocrx_word' id='word_1_31' title='bbox 883 350 1045 399; x_wconf 86' lang='lat' dir='ltr'>quatuor</span> <span class='ocrx_word' id='word_1_32' title='bbox 1063 348 1221 395; x_wconf 84' lang='lat' dir='ltr'>addunt,</span> 
     </span>
     <span class='ocr_line' id='line_1_7' title="bbox 177 402 1028 453; baseline -0.002 -12"><span class='ocrx_word' id='word_1_33' title='bbox 177 404 351 450; x_wconf 80' lang='lat' dir='ltr'>Quatuor</span> <span class='ocrx_word' id='word_1_34' title='bbox 369 417 391 441; x_wconf 90' lang='lat' dir='ltr'>a</span> <span class='ocrx_word' id='word_1_35' title='bbox 408 402 544 449; x_wconf 62' lang='lat' dir='ltr'>ventis,</span> <span class='ocrx_word' id='word_1_36' title='bbox 564 402 716 453; x_wconf 89' lang='lat' dir='ltr'>obliqua</span> <span class='ocrx_word' id='word_1_37' title='bbox 733 402 815 440; x_wconf 91' lang='lat' dir='ltr'>luce</span> <span class='ocrx_word' id='word_1_38' title='bbox 834 403 1028 440; x_wconf 71' lang='lat' dir='ltr'>fenestras.</span> 
     </span>
    </p>

    <p class='ocr_par' dir='ltr' id='par_1_4' title="bbox 177 456 1159 668">
     <span class='ocr_line' id='line_1_8' title="bbox 177 456 1159 507; baseline -0.003 -12"><span class='ocrx_word' id='word_1_39' title='bbox 177 457 279 495; x_wconf 84' lang='lat' dir='ltr'>Tum</span> <span class='ocrx_word' id='word_1_40' title='bbox 296 457 451 503; x_wconf 85' lang='lat' dir='ltr'>vitulus,</span> <span class='ocrx_word' id='word_1_41' title='bbox 471 456 574 493; x_wconf 84' lang='lat' dir='ltr'>bima</span> <span class='ocrx_word' id='word_1_42' title='bbox 592 469 750 494; x_wconf 72' lang='lat' dir='ltr'>curvans</span> <span class='ocrx_word' id='word_1_43' title='bbox 764 456 846 507; x_wconf 86' lang='lat' dir='ltr'>jam</span> <span class='ocrx_word' id='word_1_44' title='bbox 865 469 1005 494; x_wconf 88' lang='lat' dir='ltr'>cornua</span> <span class='ocrx_word' id='word_1_45' title='bbox 1022 456 1159 500; x_wconf 67' lang='lat' dir='ltr'>fronte,</span> 
     </span>
     <span class='ocr_line' id='line_1_9' title="bbox 177 508 1143 560; baseline -0.001 -13"><span class='ocrx_word' id='word_1_46' title='bbox 177 511 391 557; x_wconf 79' lang='lat' dir='ltr'>Quaeiitur3</span> <span class='ocrx_word' id='word_1_47' title='bbox 418 510 507 547; x_wconf 88' lang='lat' dir='ltr'>huic</span> <span class='ocrx_word' id='word_1_48' title='bbox 526 509 687 560; x_wconf 84' lang='lat' dir='ltr'>geminae</span> <span class='ocrx_word' id='word_1_49' title='bbox 705 523 813 547; x_wconf 88' lang='lat' dir='ltr'>nares</span> <span class='ocrx_word' id='word_1_50' title='bbox 833 512 872 547; x_wconf 92' lang='lat' dir='ltr'>et</span> <span class='ocrx_word' id='word_1_51' title='bbox 892 509 1048 560; x_wconf 83' lang='lat' dir='ltr'>spiritus</span> <span class='ocrx_word' id='word_1_52' title='bbox 1068 508 1143 547; x_wconf 88' lang='lat' dir='ltr'>oris</span> 
     </span>
     <span class='ocr_line' id='line_1_10' title="bbox 177 563 1138 614; baseline -0.002 -12"><span class='ocrx_word' id='word_1_53' title='bbox 177 564 309 602; x_wconf 83' lang='lat' dir='ltr'>Multa</span> <span class='ocrx_word' id='word_1_54' title='bbox 327 563 532 602; x_wconf 84' lang='lat' dir='ltr'>reluctanti</span> <span class='ocrx_word' id='word_1_55' title='bbox 551 564 735 610; x_wconf 91' lang='lat' dir='ltr'>obsuitur,</span> <span class='ocrx_word' id='word_1_56' title='bbox 754 563 949 614; x_wconf 75' lang='lat' dir='ltr'>plagisque</span> <span class='ocrx_word' id='word_1_57' title='bbox 967 564 1138 613; x_wconf 88' lang='lat' dir='ltr'>peremto</span> 
     </span>
     <span class='ocr_line' id='line_1_11' title="bbox 178 616 1148 668; baseline -0.002 -13"><span class='ocrx_word' id='word_1_58' title='bbox 178 618 310 655; x_wconf 85' lang='lat' dir='ltr'>Tunsa</span> <span class='ocrx_word' id='word_1_59' title='bbox 328 631 393 668; x_wconf 90' lang='lat' dir='ltr'>per</span> <span class='ocrx_word' id='word_1_60' title='bbox 411 617 603 667; x_wconf 83' lang='lat' dir='ltr'>integram</span> <span class='ocrx_word' id='word_1_61' title='bbox 622 617 822 654; x_wconf 88' lang='lat' dir='ltr'>solvuntur</span> <span class='ocrx_word' id='word_1_62' title='bbox 840 616 983 654; x_wconf 84' lang='lat' dir='ltr'>viscera</span> <span class='ocrx_word' id='word_1_63' title='bbox 1000 616 1148 667; x_wconf 88' lang='lat' dir='ltr'>pellem.</span> 
     </span>
    </p>

    <p class='ocr_par' dir='ltr' id='par_1_5' title="bbox 177 669 1269 1039">
     <span class='ocr_line' id='line_1_12' title="bbox 178 669 1178 721; baseline -0.002 -12"><span class='ocrx_word' id='word_1_64' title='bbox 178 671 240 709; x_wconf 88' lang='lat' dir='ltr'>Sic</span> <span class='ocrx_word' id='word_1_65' title='bbox 258 671 455 721; x_wconf 82' lang='lat' dir='ltr'>positum&#39;</span> <span class='ocrx_word' id='word_1_66' title='bbox 446 685 487 708; x_wconf 86' lang='lat' dir='ltr'>m</span> <span class='ocrx_word' id='word_1_67' title='bbox 506 670 632 708; x_wconf 85' lang='lat' dir='ltr'>clauso</span> <span class='ocrx_word' id='word_1_68' title='bbox 651 671 842 721; x_wconf 90' lang='lat' dir='ltr'>linquunt,</span> <span class='ocrx_word' id='word_1_69' title='bbox 862 672 901 708; x_wconf 92' lang='lat' dir='ltr'>et</span> <span class='ocrx_word' id='word_1_70' title='bbox 918 683 1046 708; x_wconf 85' lang='lat' dir='ltr'>ramea</span> <span class='ocrx_word' id='word_1_71' title='bbox 1064 683 1126 707; x_wconf 87' lang='lat' dir='ltr'>cos</span> <span class='ocrx_word' id='word_1_72' title='bbox 1110 669 1178 707; x_wconf 75' lang='lat' dir='ltr'>stis</span> 
     </span>
     <span class='ocr_line' id='line_1_13' title="bbox 177 724 1258 776; baseline -0.002 -14"><span class='ocrx_word' id='word_1_73' title='bbox 177 724 393 776; x_wconf 83' lang='lat' dir='ltr'>Subjiciunt</span> <span class='ocrx_word' id='word_1_74' title='bbox 411 724 637 775; x_wconf 82' lang='lat' dir='ltr'>fragmenta,</span> <span class='ocrx_word' id='word_1_75' title='bbox 655 724 849 774; x_wconf 89' lang='lat' dir='ltr'>thymum,</span> <span class='ocrx_word' id='word_1_76' title='bbox 870 724 1059 774; x_wconf 89' lang='lat' dir='ltr'>casiasque</span> <span class='ocrx_word' id='word_1_77' title='bbox 1076 725 1258 761; x_wconf 86' lang='lat' dir='ltr'>recentes.</span> 
     </span>
     <span class='ocr_line' id='line_1_14' title="bbox 178 777 1269 829; baseline -0.002 -13"><span class='ocrx_word' id='word_1_78' title='bbox 178 778 267 816; x_wconf 89' lang='lat' dir='ltr'>Hoc</span> <span class='ocrx_word' id='word_1_79' title='bbox 286 778 443 829; x_wconf 82' lang='lat' dir='ltr'>geritur,</span> <span class='ocrx_word' id='word_1_80' title='bbox 462 778 636 828; x_wconf 84' lang='lat' dir='ltr'>zephyris</span> <span class='ocrx_word' id='word_1_81' title='bbox 654 778 821 828; x_wconf 87' lang='lat' dir='ltr'>primum</span> <span class='ocrx_word' id='word_1_82' title='bbox 838 777 1119 827; x_wconf 88' lang='lat' dir='ltr'>impellentibus</span> <span class='ocrx_word' id='word_1_83' title='bbox 1137 777 1269 824; x_wconf 79' lang='lat' dir='ltr'>undas,</span> 
     </span>
     <span class='ocr_line' id='line_1_15' title="bbox 177 831 1175 881; baseline -0.003 -11"><span class='ocrx_word' id='word_1_84' title='bbox 177 832 283 869; x_wconf 88' lang='lat' dir='ltr'>Ante</span> <span class='ocrx_word' id='word_1_85' title='bbox 301 832 409 870; x_wconf 84' lang='lat' dir='ltr'>novis</span> <span class='ocrx_word' id='word_1_86' title='bbox 428 832 589 869; x_wconf 89' lang='lat' dir='ltr'>rubeant</span> <span class='ocrx_word' id='word_1_87' title='bbox 609 845 722 881; x_wconf 90' lang='lat' dir='ltr'>quam</span> <span class='ocrx_word' id='word_1_88' title='bbox 740 833 850 881; x_wconf 82' lang='lat' dir='ltr'>prata</span> <span class='ocrx_word' id='word_1_89' title='bbox 869 831 1066 877; x_wconf 80' lang='lat' dir='ltr'>coloribus,</span> <span class='ocrx_word' id='word_1_90' title='bbox 1086 832 1175 868; x_wconf 86' lang='lat' dir='ltr'>ante</span> 
     </span>
     <span class='ocr_line' id='line_1_16' title="bbox 179 883 1182 935; baseline -0.001 -12"><span class='ocrx_word' id='word_1_91' title='bbox 179 885 342 923; x_wconf 81' lang='lat' dir='ltr'>Garrula</span> <span class='ocrx_word' id='word_1_92' title='bbox 360 898 474 935; x_wconf 86' lang='lat' dir='ltr'>quam</span> <span class='ocrx_word' id='word_1_93' title='bbox 491 883 611 935; x_wconf 85' lang='lat' dir='ltr'>tignis</span> <span class='ocrx_word' id='word_1_94' title='bbox 631 885 764 922; x_wconf 89' lang='lat' dir='ltr'>nidum</span> <span class='ocrx_word' id='word_1_95' title='bbox 783 884 988 935; x_wconf 86' lang='lat' dir='ltr'>suspendat</span> <span class='ocrx_word' id='word_1_96' title='bbox 1006 884 1182 922; x_wconf 83' lang='lat' dir='ltr'>hirundo.</span> 
     </span>
     <span class='ocr_line' id='line_1_17' title="bbox 179 938 1102 987; baseline 0 -11"><span class='ocrx_word' id='word_1_97' title='bbox 179 938 334 976; x_wconf 88' lang='lat' dir='ltr'>Interea</span> <span class='ocrx_word' id='word_1_98' title='bbox 351 938 491 976; x_wconf 90' lang='lat' dir='ltr'>teneris</span> <span class='ocrx_word' id='word_1_99' title='bbox 509 938 721 987; x_wconf 72' lang='lat' dir='ltr'>tepefactus</span> <span class='ocrx_word' id='word_1_100' title='bbox 740 938 780 975; x_wconf 83' lang='grc'>111</span> <span class='ocrx_word' id='word_1_101' title='bbox 799 938 945 976; x_wconf 86' lang='lat' dir='ltr'>ossibus</span> <span class='ocrx_word' id='word_1_102' title='bbox 962 938 1102 976; x_wconf 87' lang='lat' dir='ltr'>humor</span> 
     </span>
     <span class='ocr_line' id='line_1_18' title="bbox 178 991 1072 1039; baseline -0.001 -9"><span class='ocrx_word' id='word_1_103' title='bbox 178 992 359 1039; x_wconf 84' lang='lat' dir='ltr'>AEstuat;</span> <span class='ocrx_word' id='word_1_104' title='bbox 387 994 426 1029; x_wconf 91' lang='lat' dir='ltr'>et</span> <span class='ocrx_word' id='word_1_105' title='bbox 445 991 600 1029; x_wconf 87' lang='lat' dir='ltr'>visenda</span> <span class='ocrx_word' id='word_1_106' title='bbox 617 991 740 1029; x_wconf 87' lang='lat' dir='ltr'>modis</span> <span class='ocrx_word' id='word_1_107' title='bbox 760 992 937 1029; x_wconf 85' lang='lat' dir='ltr'>animalia</span> <span class='ocrx_word' id='word_1_108' title='bbox 955 991 1072 1038; x_wconf 82' lang='lat' dir='ltr'>miris,</span> 
     </span>
    </p>

    <p class='ocr_par' dir='ltr' id='par_1_6' title="bbox 179 1044 1245 1199">
     <span class='ocr_line' id='line_1_19' title="bbox 179 1044 1192 1095; baseline -0.001 -12"><span class='ocrx_word' id='word_1_109' title='bbox 179 1046 331 1083; x_wconf 85' lang='lat' dir='ltr'>Trunca</span> <span class='ocrx_word' id='word_1_110' title='bbox 347 1045 487 1095; x_wconf 89' lang='lat' dir='ltr'>pedum</span> <span class='ocrx_word' id='word_1_111' title='bbox 505 1045 640 1095; x_wconf 90' lang='lat' dir='ltr'>primo,</span> <span class='ocrx_word' id='word_1_112' title='bbox 659 1059 748 1083; x_wconf 84' lang='lat' dir='ltr'>mox</span> <span class='ocrx_word' id='word_1_113' title='bbox 767 1047 806 1083; x_wconf 90' lang='lat' dir='ltr'>et</span> <span class='ocrx_word' id='word_1_114' title='bbox 826 1045 1029 1083; x_wconf 87' lang='lat' dir='ltr'>stridentia</span> <span class='ocrx_word' id='word_1_115' title='bbox 1046 1044 1192 1095; x_wconf 88' lang='lat' dir='ltr'>pennis,</span> 
     </span>
     <span class='ocr_line' id='line_1_20' title="bbox 180 1099 1245 1149; baseline 0 -13"><span class='ocrx_word' id='word_1_116' title='bbox 180 1099 406 1145; x_wconf 81' lang='lat' dir='ltr'>Miscentur,</span> <span class='ocrx_word' id='word_1_117' title='bbox 424 1101 654 1148; x_wconf 88' lang='lat' dir='ltr'>tenuemque</span> <span class='ocrx_word' id='word_1_118' title='bbox 672 1099 794 1149; x_wconf 83' lang='lat' dir='ltr'>magis</span> <span class='ocrx_word' id='word_1_119' title='bbox 814 1099 936 1149; x_wconf 83' lang='lat' dir='ltr'>magis</span> <span class='ocrx_word' id='word_1_120' title='bbox 956 1101 1043 1136; x_wconf 70' lang='lat' dir='ltr'>aera</span> <span class='ocrx_word' id='word_1_121' title='bbox 1061 1100 1222 1148; x_wconf 82' lang='lat' dir='ltr'>carpunt</span> <span class='ocrx_word' id='word_1_122' title='bbox 1237 1115 1245 1145; x_wconf 94' lang='grc'><strong>;</strong></span> 
     </span>
     <span class='ocr_line' id='line_1_21' title="bbox 179 1152 1044 1199; baseline -0.001 -9"><span class='ocrx_word' id='word_1_123' title='bbox 179 1152 324 1199; x_wconf 91' lang='lat' dir='ltr'>Donec,</span> <span class='ocrx_word' id='word_1_124' title='bbox 342 1154 389 1190; x_wconf 92' lang='lat' dir='ltr'>ut</span> <span class='ocrx_word' id='word_1_125' title='bbox 408 1152 549 1189; x_wconf 88' lang='lat' dir='ltr'>aestivis</span> <span class='ocrx_word' id='word_1_126' title='bbox 569 1153 708 1190; x_wconf 75' lang='lat' dir='ltr'>effusus</span> <span class='ocrx_word' id='word_1_127' title='bbox 728 1152 892 1190; x_wconf 89' lang='lat' dir='ltr'>nubibus</span> <span class='ocrx_word' id='word_1_128' title='bbox 910 1152 1044 1198; x_wconf 82' lang='lat' dir='ltr'>imber,</span> 
     </span>
    </p>

    <p class='ocr_par' dir='ltr' id='par_1_7' title="bbox 180 1205 1024 1257">
     <span class='ocr_line' id='line_1_22' title="bbox 180 1205 1024 1257; baseline -0.001 -14"><span class='ocrx_word' id='word_1_129' title='bbox 180 1206 361 1257; x_wconf 87' lang='lat' dir='ltr'>Erupere,</span> <span class='ocrx_word' id='word_1_130' title='bbox 381 1208 448 1243; x_wconf 86' lang='lat' dir='ltr'>aut</span> <span class='ocrx_word' id='word_1_131' title='bbox 466 1208 511 1243; x_wconf 88' lang='lat' dir='ltr'>ut</span> <span class='ocrx_word' id='word_1_132' title='bbox 530 1219 646 1244; x_wconf 86' lang='lat' dir='ltr'>nervo</span> <span class='ocrx_word' id='word_1_133' title='bbox 664 1206 841 1256; x_wconf 74' lang='lat' dir='ltr'>pulsante</span> <span class='ocrx_word' id='word_1_134' title='bbox 860 1205 1024 1256; x_wconf 77' lang='lat' dir='ltr'>sagittae,</span> 
     </span>
    </p>

    <p class='ocr_par' dir='ltr' id='par_1_8' title="bbox 181 1258 1123 1310">
     <span class='ocr_line' id='line_1_23' title="bbox 181 1258 1123 1310; baseline -0.002 -13"><span class='ocrx_word' id='word_1_135' title='bbox 181 1259 312 1297; x_wconf 86' lang='lat' dir='ltr'>Prima</span> <span class='ocrx_word' id='word_1_136' title='bbox 328 1260 428 1297; x_wconf 84' lang='lat' dir='ltr'>leves</span> <span class='ocrx_word' id='word_1_137' title='bbox 447 1259 582 1297; x_wconf 88' lang='lat' dir='ltr'>ineunt</span> <span class='ocrx_word' id='word_1_138' title='bbox 602 1259 634 1297; x_wconf 89' lang='lat' dir='ltr'>si</span> <span class='ocrx_word' id='word_1_139' title='bbox 653 1260 803 1310; x_wconf 86' lang='lat' dir='ltr'>quando</span> <span class='ocrx_word' id='word_1_140' title='bbox 822 1259 955 1310; x_wconf 87' lang='lat' dir='ltr'>proelia</span> <span class='ocrx_word' id='word_1_141' title='bbox 974 1258 1123 1296; x_wconf 83' lang='lat' dir='ltr'>Parthi.</span> 
     </span>
    </p>

    <p class='ocr_par' dir='ltr' id='par_1_9' title="bbox 181 1310 1280 1471">
     <span class='ocr_line' id='line_1_24' title="bbox 235 1310 1280 1364; baseline -0.001 -14"><span class='ocrx_word' id='word_1_142' title='bbox 235 1313 329 1360; x_wconf 78' lang='lat' dir='ltr'>Quis</span> <span class='ocrx_word' id='word_1_143' title='bbox 349 1313 439 1351; x_wconf 87' lang='lat' dir='ltr'>deus</span> <span class='ocrx_word' id='word_1_144' title='bbox 458 1313 568 1360; x_wconf 88' lang='lat' dir='ltr'>hanc,</span> <span class='ocrx_word' id='word_1_145' title='bbox 589 1313 724 1360; x_wconf 86' lang='lat' dir='ltr'>Musae,</span> <span class='ocrx_word' id='word_1_146' title='bbox 745 1313 810 1364; x_wconf 92' lang='lat' dir='ltr'>qui</span> <span class='ocrx_word' id='word_1_147' title='bbox 828 1313 937 1350; x_wconf 86' lang='lat' dir='ltr'>nobis</span> <span class='ocrx_word' id='word_1_148' title='bbox 957 1312 1107 1350; x_wconf 81' lang='lat' dir='ltr'>extudit</span> <span class='ocrx_word' id='word_1_149' title='bbox 1126 1310 1280 1349; x_wconf 76' lang='lat' dir='ltr'>artem?</span> 
     </span>
     <span class='ocr_line' id='line_1_25' title="bbox 181 1344 1242 1417; baseline -0.002 -13"><span class='ocrx_word' id='word_1_150' title='bbox 181 1367 294 1405; x_wconf 88' lang='lat' dir='ltr'>Unde</span> <span class='ocrx_word' id='word_1_151' title='bbox 312 1380 411 1405; x_wconf 89' lang='lat' dir='ltr'>nova</span> <span class='ocrx_word' id='word_1_152' title='bbox 428 1366 619 1417; x_wconf 85' lang='lat' dir='ltr'>ingressus</span> <span class='ocrx_word' id='word_1_153' title='bbox 637 1344 838 1404; x_wconf 82' lang='grc'>11011111111111</span> <span class='ocrx_word' id='word_1_154' title='bbox 857 1365 1088 1417; x_wconf 81' lang='lat' dir='ltr'>experientia</span> <span class='ocrx_word' id='word_1_155' title='bbox 1106 1364 1242 1416; x_wconf 76' lang='lat' dir='ltr'>cepit?</span> 
     </span>
     <span class='ocr_line' id='line_1_26' title="bbox 182 1420 1021 1471; baseline 0 -13"><span class='ocrx_word' id='word_1_156' title='bbox 182 1420 319 1458; x_wconf 90' lang='lat' dir='ltr'>Pastor</span> <span class='ocrx_word' id='word_1_157' title='bbox 336 1420 521 1458; x_wconf 84' lang='lat' dir='ltr'>Aristaeus</span> <span class='ocrx_word' id='word_1_158' title='bbox 539 1420 690 1471; x_wconf 83' lang='lat' dir='ltr'>fugiens</span> <span class='ocrx_word' id='word_1_159' title='bbox 708 1420 849 1458; x_wconf 79' lang='lat' dir='ltr'>Peneia</span> <span class='ocrx_word' id='word_1_160' title='bbox 866 1420 1021 1470; x_wconf 84' lang='lat' dir='ltr'>Tempe,</span> 
     </span>
    </p>

    <p class='ocr_par' dir='ltr' id='par_1_10' title="bbox 184 1474 1133 1524">
     <span class='ocr_line' id='line_1_27' title="bbox 184 1474 1133 1524; baseline -0.001 -13"><span class='ocrx_word' id='word_1_161' title='bbox 184 1474 357 1521; x_wconf 86' lang='lat' dir='ltr'>Amissis,</span> <span class='ocrx_word' id='word_1_162' title='bbox 376 1476 421 1511; x_wconf 85' lang='lat' dir='ltr'>ut</span> <span class='ocrx_word' id='word_1_163' title='bbox 440 1474 552 1520; x_wconf 83' lang='lat' dir='ltr'>sama,</span> <span class='ocrx_word' id='word_1_164' title='bbox 572 1474 704 1524; x_wconf 85' lang='lat' dir='ltr'>apibus</span> <span class='ocrx_word' id='word_1_165' title='bbox 722 1475 929 1524; x_wconf 88' lang='lat' dir='ltr'>morboque</span> <span class='ocrx_word' id='word_1_166' title='bbox 948 1474 1133 1523; x_wconf 83' lang='lat' dir='ltr'>fameque,</span> 
     </span>
    </p>

    <p class='ocr_par' dir='ltr' id='par_1_11' title="bbox 185 1526 1190 1577">
     <span class='ocr_line' id='line_1_28' title="bbox 185 1526 1190 1577; baseline -0.002 -13"><span class='ocrx_word' id='word_1_167' title='bbox 185 1527 323 1565; x_wconf 83' lang='lat' dir='ltr'>Tristis</span> <span class='ocrx_word' id='word_1_168' title='bbox 342 1527 390 1565; x_wconf 88' lang='lat' dir='ltr'>ad</span> <span class='ocrx_word' id='word_1_169' title='bbox 408 1527 567 1565; x_wconf 84' lang='lat' dir='ltr'>extremi</span> <span class='ocrx_word' id='word_1_170' title='bbox 585 1541 733 1565; x_wconf 90' lang='lat' dir='ltr'>sacrum</span> <span class='ocrx_word' id='word_1_171' title='bbox 752 1530 867 1577; x_wconf 86' lang='lat' dir='ltr'>caput</span> <span class='ocrx_word' id='word_1_172' title='bbox 886 1527 1038 1565; x_wconf 85' lang='lat' dir='ltr'>adstitit</span> <span class='ocrx_word' id='word_1_173' title='bbox 1057 1526 1190 1572; x_wconf 85' lang='lat' dir='ltr'>amnis,</span> 
     </span>
    </p>

    <p class='ocr_par' dir='ltr' id='par_1_12' title="bbox 186 1580 1235 1685">
     <span class='ocr_line' id='line_1_29' title="bbox 186 1580 1235 1631; baseline -0.002 -13"><span class='ocrx_word' id='word_1_174' title='bbox 186 1580 318 1618; x_wconf 78' lang='lat' dir='ltr'>Multa</span> <span class='ocrx_word' id='word_1_175' title='bbox 336 1594 505 1631; x_wconf 81' lang='lat' dir='ltr'>querenS,</span> <span class='ocrx_word' id='word_1_176' title='bbox 525 1583 638 1631; x_wconf 85' lang='lat' dir='ltr'>atque</span> <span class='ocrx_word' id='word_1_177' title='bbox 656 1581 728 1618; x_wconf 89' lang='lat' dir='ltr'>hac</span> <span class='ocrx_word' id='word_1_178' title='bbox 748 1582 885 1618; x_wconf 84' lang='lat' dir='ltr'>affatus</span> <span class='ocrx_word' id='word_1_179' title='bbox 903 1594 995 1618; x_wconf 90' lang='lat' dir='ltr'>voce</span> <span class='ocrx_word' id='word_1_180' title='bbox 1013 1581 1211 1630; x_wconf 87' lang='lat' dir='ltr'>parentem</span> <span class='ocrx_word' id='word_1_181' title='bbox 1227 1595 1235 1616; x_wconf 88' lang='lat'>:</span> 
     </span>
     <span class='ocr_line' id='line_1_30' title="bbox 186 1633 1098 1685; baseline -0.001 -13.96"><span class='ocrx_word' id='word_1_182' title='bbox 186 1634 362 1681; x_wconf 78' lang='lat' dir='ltr'>“,Mater</span> <span class='ocrx_word' id='word_1_183' title='bbox 382 1633 529 1685; x_wconf 82' lang='lat' dir='ltr'>Cyrene</span> <span class='ocrx_word' id='word_1_184' title='bbox 546 1637 679 1681; x_wconf 86' lang='lat' dir='ltr'>mater,</span> <span class='ocrx_word' id='word_1_185' title='bbox 699 1648 782 1684; x_wconf 86' lang='lat' dir='ltr'>quae</span> <span class='ocrx_word' id='word_1_186' title='bbox 800 1634 965 1685; x_wconf 81' lang='lat' dir='ltr'>gurgitis</span> <span class='ocrx_word' id='word_1_187' title='bbox 985 1634 1098 1684; x_wconf 88' lang='lat' dir='ltr'>hujus</span> 
     </span>
    </p>

    <p class='ocr_par' dir='ltr' id='par_1_13' title="bbox 189 1664 1115 1738">
     <span class='ocr_line' id='line_1_31' title="bbox 189 1664 1115 1738; baseline -0.001 -14"><span class='ocrx_word' id='word_1_188' title='bbox 189 1687 276 1724; x_wconf 85' lang='lat' dir='ltr'>Ima</span> <span class='ocrx_word' id='word_1_189' title='bbox 293 1664 413 1734; x_wconf 76' lang='lat' dir='ltr'>telies,</span> <span class='ocrx_word' id='word_1_190' title='bbox 434 1687 526 1737; x_wconf 90' lang='lat' dir='ltr'>quid</span> <span class='ocrx_word' id='word_1_191' title='bbox 543 1701 604 1725; x_wconf 90' lang='lat' dir='ltr'>me</span> <span class='ocrx_word' id='word_1_192' title='bbox 624 1688 802 1737; x_wconf 87' lang='lat' dir='ltr'>praeclara</span> <span class='ocrx_word' id='word_1_193' title='bbox 821 1688 938 1738; x_wconf 86' lang='lat' dir='ltr'>stupe</span> <span class='ocrx_word' id='word_1_194' title='bbox 958 1687 1115 1725; x_wconf 82' lang='lat' dir='ltr'>demum</span> 
     </span>
    </p>

    <p class='ocr_par' dir='ltr' id='par_1_14' title="bbox 188 1737 1352 1791">
     <span class='ocr_line' id='line_1_32' title="bbox 188 1737 1352 1791; baseline -0.002 -14"><span class='ocrx_word' id='word_1_195' title='bbox 188 1740 229 1777; x_wconf 86' lang='lat' dir='ltr'>Si</span> <span class='ocrx_word' id='word_1_196' title='bbox 247 1741 372 1787; x_wconf 92' lang='lat' dir='ltr'>modo,</span> <span class='ocrx_word' id='word_1_197' title='bbox 392 1754 504 1790; x_wconf 90' lang='lat' dir='ltr'>quem</span> <span class='ocrx_word' id='word_1_198' title='bbox 522 1741 707 1791; x_wconf 85' lang='lat' dir='ltr'>perhibes,</span> <span class='ocrx_word' id='word_1_199' title='bbox 726 1743 835 1791; x_wconf 87' lang='lat' dir='ltr'>pater</span> <span class='ocrx_word' id='word_1_200' title='bbox 854 1744 911 1778; x_wconf 90' lang='lat' dir='ltr'>est</span> <span class='ocrx_word' id='word_1_201' title='bbox 931 1740 1184 1791; x_wconf 84' lang='lat' dir='ltr'>Thymbraeus</span> <span class='ocrx_word' id='word_1_202' title='bbox 1202 1737 1352 1789; x_wconf 83' lang='lat' dir='ltr'>Apollo,</span> 
     </span>
    </p>

    <p class='ocr_par' dir='ltr' id='par_1_15' title="bbox 188 1793 1114 1845">
     <span class='ocr_line' id='line_1_33' title="bbox 188 1793 1114 1845; baseline 0 -15"><span class='ocrx_word' id='word_1_203' title='bbox 188 1793 364 1831; x_wconf 83' lang='lat' dir='ltr'>Invisum</span> <span class='ocrx_word' id='word_1_204' title='bbox 383 1793 471 1831; x_wconf 86' lang='lat' dir='ltr'>fatis</span> <span class='ocrx_word' id='word_1_205' title='bbox 491 1794 692 1845; x_wconf 75' lang='lat' dir='ltr'>genuisti?</span> <span class='ocrx_word' id='word_1_206' title='bbox 721 1796 787 1832; x_wconf 88' lang='lat' dir='ltr'>aut</span> <span class='ocrx_word' id='word_1_207' title='bbox 807 1808 881 1844; x_wconf 90' lang='lat' dir='ltr'>quo</span> <span class='ocrx_word' id='word_1_208' title='bbox 899 1794 973 1832; x_wconf 87' lang='lat' dir='ltr'>tibi</span> <span class='ocrx_word' id='word_1_209' title='bbox 991 1793 1114 1831; x_wconf 75' lang='lat' dir='ltr'>nostli</span> 
     </span>
    </p>

    <p class='ocr_par' dir='ltr' id='par_1_16' title="bbox 189 1845 1212 1898">
     <span class='ocr_line' id='line_1_34' title="bbox 189 1845 1212 1898; baseline 0 -14"><span class='ocrx_word' id='word_1_210' title='bbox 189 1847 328 1884; x_wconf 91' lang='lat' dir='ltr'>Pulsus</span> <span class='ocrx_word' id='word_1_211' title='bbox 348 1846 484 1886; x_wconf 81' lang='lat' dir='ltr'>amor?</span> <span class='ocrx_word' id='word_1_212' title='bbox 513 1848 604 1897; x_wconf 82' lang='lat' dir='ltr'>quid</span> <span class='ocrx_word' id='word_1_213' title='bbox 622 1861 683 1885; x_wconf 89' lang='lat' dir='ltr'>me</span> <span class='ocrx_word' id='word_1_214' title='bbox 702 1848 840 1885; x_wconf 84' lang='lat' dir='ltr'>coelum</span> <span class='ocrx_word' id='word_1_215' title='bbox 859 1861 1006 1898; x_wconf 89' lang='lat' dir='ltr'>sperare</span> <span class='ocrx_word' id='word_1_216' title='bbox 1020 1847 1179 1898; x_wconf 83' lang='lat' dir='ltr'>jubebas</span> <span class='ocrx_word' id='word_1_217' title='bbox 1195 1845 1212 1884; x_wconf 73' lang='grc' dir='ltr'><strong><em>Ῥ</em></strong></span> 
     </span>
    </p>

    <p class='ocr_par' dir='ltr' id='par_1_17' title="bbox 189 1901 1166 1951">
     <span class='ocr_line' id='line_1_35' title="bbox 189 1901 1166 1951; baseline 0.001 -14"><span class='ocrx_word' id='word_1_218' title='bbox 189 1901 253 1937; x_wconf 85' lang='lat' dir='ltr'>En</span> <span class='ocrx_word' id='word_1_219' title='bbox 272 1901 389 1938; x_wconf 89' lang='lat' dir='ltr'>etiam</span> <span class='ocrx_word' id='word_1_220' title='bbox 406 1901 508 1939; x_wconf 87' lang='lat' dir='ltr'>hunc</span> <span class='ocrx_word' id='word_1_221' title='bbox 527 1901 653 1951; x_wconf 88' lang='lat' dir='ltr'>ipsum</span> <span class='ocrx_word' id='word_1_222' title='bbox 672 1901 760 1938; x_wconf 86' lang='lat' dir='ltr'>vitae</span> <span class='ocrx_word' id='word_1_223' title='bbox 779 1901 952 1938; x_wconf 86' lang='lat' dir='ltr'>mortalis</span> <span class='ocrx_word' id='word_1_224' title='bbox 971 1901 1166 1946; x_wconf 88' lang='lat' dir='ltr'>honorem,</span> 
     </span>
    </p>

    <p class='ocr_par' dir='ltr' id='par_1_18' title="bbox 190 1952 1272 2005">
     <span class='ocr_line' id='line_1_36' title="bbox 190 1952 1272 2005; baseline -0.001 -14"><span class='ocrx_word' id='word_1_225' title='bbox 190 1954 313 2001; x_wconf 75' lang='lat' dir='ltr'>Quem</span> <span class='ocrx_word' id='word_1_226' title='bbox 331 1954 427 1992; x_wconf 91' lang='lat' dir='ltr'>mihi</span> <span class='ocrx_word' id='word_1_227' title='bbox 445 1954 510 1991; x_wconf 79' lang='lat' dir='ltr'>vix</span> <span class='ocrx_word' id='word_1_228' title='bbox 528 1955 683 2005; x_wconf 85' lang='lat' dir='ltr'>frugum</span> <span class='ocrx_word' id='word_1_229' title='bbox 702 1956 742 1992; x_wconf 89' lang='lat' dir='ltr'>et</span> <span class='ocrx_word' id='word_1_230' title='bbox 760 1955 948 2005; x_wconf 84' lang='lat' dir='ltr'>pecudum</span> <span class='ocrx_word' id='word_1_231' title='bbox 967 1955 1140 1992; x_wconf 82' lang='lat' dir='ltr'>custodia</span> <span class='ocrx_word' id='word_1_232' title='bbox 1157 1952 1272 1991; x_wconf 87' lang='lat' dir='ltr'>solers</span> 
     </span>
    </p>

    <p class='ocr_par' dir='ltr' id='par_1_19' title="bbox 191 2008 1162 2059">
     <span class='ocr_line' id='line_1_37' title="bbox 191 2008 1162 2059; baseline 0.001 -14"><span class='ocrx_word' id='word_1_233' title='bbox 191 2008 330 2045; x_wconf 84' lang='lat' dir='ltr'>Omnia</span> <span class='ocrx_word' id='word_1_234' title='bbox 347 2008 517 2046; x_wconf 87' lang='lat' dir='ltr'>tentanti</span> <span class='ocrx_word' id='word_1_235' title='bbox 536 2008 747 2054; x_wconf 81' lang='lat' dir='ltr'>extuderat,</span> <span class='ocrx_word' id='word_1_236' title='bbox 767 2010 807 2046; x_wconf 91' lang='lat' dir='ltr'>te</span> <span class='ocrx_word' id='word_1_237' title='bbox 825 2010 960 2054; x_wconf 86' lang='lat' dir='ltr'>matre,</span> <span class='ocrx_word' id='word_1_238' title='bbox 979 2008 1162 2059; x_wconf 88' lang='lat' dir='ltr'>relinquo.</span> 
     </span>
    </p>

    <p class='ocr_par' dir='ltr' id='par_1_20' title="bbox 190 2061 1090 2112">
     <span class='ocr_line' id='line_1_38' title="bbox 190 2061 1090 2112; baseline 0 -13"><span class='ocrx_word' id='word_1_239' title='bbox 190 2061 292 2108; x_wconf 76' lang='lat' dir='ltr'>Quin</span> <span class='ocrx_word' id='word_1_240' title='bbox 310 2075 390 2112; x_wconf 86' lang='lat' dir='ltr'>age,</span> <span class='ocrx_word' id='word_1_241' title='bbox 411 2064 450 2099; x_wconf 88' lang='lat' dir='ltr'>et</span> <span class='ocrx_word' id='word_1_242' title='bbox 468 2061 550 2112; x_wconf 87' lang='lat' dir='ltr'>ipsa</span> <span class='ocrx_word' id='word_1_243' title='bbox 568 2075 685 2099; x_wconf 86' lang='lat' dir='ltr'>manu</span> <span class='ocrx_word' id='word_1_244' title='bbox 702 2062 827 2100; x_wconf 87' lang='lat' dir='ltr'>felices</span> <span class='ocrx_word' id='word_1_245' title='bbox 847 2075 933 2100; x_wconf 87' lang='lat' dir='ltr'>erue</span> <span class='ocrx_word' id='word_1_246' title='bbox 952 2061 1064 2099; x_wconf 83' lang='lat' dir='ltr'>silvas</span> <span class='ocrx_word' id='word_1_247' title='bbox 1082 2078 1090 2108; x_wconf 90' lang='lat'>;</span> 
     </span>
    </p>

    <p class='ocr_par' dir='ltr' id='par_1_21' title="bbox 191 2115 1320 2166">
     <span class='ocr_line' id='line_1_39' title="bbox 191 2115 1320 2166; baseline -0.001 -14"><span class='ocrx_word' id='word_1_248' title='bbox 191 2115 267 2153; x_wconf 81' lang='lat' dir='ltr'>Fer</span> <span class='ocrx_word' id='word_1_249' title='bbox 285 2115 443 2153; x_wconf 87' lang='lat' dir='ltr'>stabulis</span> <span class='ocrx_word' id='word_1_250' title='bbox 462 2115 660 2153; x_wconf 85' lang='lat' dir='ltr'>inimicum</span> <span class='ocrx_word' id='word_1_251' title='bbox 678 2115 818 2166; x_wconf 84' lang='lat' dir='ltr'>ignem,</span> <span class='ocrx_word' id='word_1_252' title='bbox 839 2117 953 2165; x_wconf 85' lang='lat' dir='ltr'>atque</span> <span class='ocrx_word' id='word_1_253' title='bbox 970 2115 1142 2154; x_wconf 88' lang='lat' dir='ltr'>interfice</span> <span class='ocrx_word' id='word_1_254' title='bbox 1160 2127 1298 2152; x_wconf 90' lang='lat' dir='ltr'>messes</span> <span class='ocrx_word' id='word_1_255' title='bbox 1313 2130 1320 2160; x_wconf 90' lang='lat'>;</span> 
     </span>
    </p>

    <p class='ocr_par' dir='ltr' id='par_1_22' title="bbox 190 2168 1191 2220">
     <span class='ocr_line' id='line_1_40' title="bbox 190 2168 1191 2220; baseline 0.001 -14"><span class='ocrx_word' id='word_1_256' title='bbox 190 2168 270 2207; x_wconf 88' lang='lat' dir='ltr'>Ure</span> <span class='ocrx_word' id='word_1_257' title='bbox 289 2171 382 2216; x_wconf 84' lang='lat' dir='ltr'>sata,</span> <span class='ocrx_word' id='word_1_258' title='bbox 402 2171 441 2207; x_wconf 86' lang='lat' dir='ltr'>et</span> <span class='ocrx_word' id='word_1_259' title='bbox 459 2169 624 2207; x_wconf 85' lang='lat' dir='ltr'>validam</span> <span class='ocrx_word' id='word_1_260' title='bbox 641 2169 683 2206; x_wconf 89' lang='lat' dir='ltr'>in</span> <span class='ocrx_word' id='word_1_261' title='bbox 701 2169 798 2207; x_wconf 87' lang='lat' dir='ltr'>vites</span> <span class='ocrx_word' id='word_1_262' title='bbox 817 2168 950 2207; x_wconf 86' lang='lat' dir='ltr'>molire</span> <span class='ocrx_word' id='word_1_263' title='bbox 967 2169 1191 2220; x_wconf 90' lang='lat' dir='ltr'>bipennem:</span> 
     </span>
    </p>

    <p class='ocr_par' dir='ltr' id='par_1_23' title="bbox 191 2222 1056 2273">
     <span class='ocr_line' id='line_1_41' title="bbox 191 2222 1056 2273; baseline 0 -13"><span class='ocrx_word' id='word_1_264' title='bbox 191 2222 320 2260; x_wconf 81' lang='lat' dir='ltr'>Tanta</span> <span class='ocrx_word' id='word_1_265' title='bbox 338 2236 432 2261; x_wconf 88' lang='lat' dir='ltr'>meae</span> <span class='ocrx_word' id='word_1_266' title='bbox 451 2222 483 2260; x_wconf 89' lang='lat' dir='ltr'>si</span> <span class='ocrx_word' id='word_1_267' title='bbox 501 2225 541 2261; x_wconf 91' lang='lat' dir='ltr'>te</span> <span class='ocrx_word' id='word_1_268' title='bbox 561 2224 743 2273; x_wconf 86' lang='lat' dir='ltr'>ceperunt</span> <span class='ocrx_word' id='word_1_269' title='bbox 762 2222 876 2260; x_wconf 90' lang='lat' dir='ltr'>taedia</span> <span class='ocrx_word' id='word_1_270' title='bbox 893 2222 1056 2260; x_wconf 85' lang='lat' dir='ltr'>laudis.”</span> 
     </span>
    </p>

    <p class='ocr_par' dir='ltr' id='par_1_24' title="bbox 192 2276 1129 2314">
     <span class='ocr_line' id='line_1_42' title="bbox 192 2276 1129 2314; baseline 0.001 -1"><span class='ocrx_word' id='word_1_271' title='bbox 192 2277 248 2313; x_wconf 88' lang='lat' dir='ltr'>At</span> <span class='ocrx_word' id='word_1_272' title='bbox 266 2278 389 2314; x_wconf 84' lang='lat' dir='ltr'>mater</span> <span class='ocrx_word' id='word_1_273' title='bbox 407 2276 577 2314; x_wconf 89' lang='lat' dir='ltr'>sonitum</span> <span class='ocrx_word' id='word_1_274' title='bbox 594 2276 765 2314; x_wconf 79' lang='lat' dir='ltr'>thalamo</span> <span class='ocrx_word' id='word_1_275' title='bbox 785 2276 855 2314; x_wconf 87' lang='lat' dir='ltr'>sub</span> <span class='ocrx_word' id='word_1_276' title='bbox 873 2276 1040 2314; x_wconf 89' lang='lat' dir='ltr'>fluminis</span> <span class='ocrx_word' id='word_1_277' title='bbox 1059 2276 1129 2314; x_wconf 85' lang='lat' dir='ltr'>alti</span> 
     </span>
    </p>

    <p class='ocr_par' dir='ltr' id='par_1_25' title="bbox 193 2329 1190 2382">
     <span class='ocr_line' id='line_1_43' title="bbox 193 2329 1190 2382; baseline 0 -16"><span class='ocrx_word' id='word_1_278' title='bbox 193 2329 329 2367; x_wconf 88' lang='lat' dir='ltr'>Sensit.</span> <span class='ocrx_word' id='word_1_279' title='bbox 386 2330 486 2367; x_wconf 86' lang='lat' dir='ltr'>Eam</span> <span class='ocrx_word' id='word_1_280' title='bbox 504 2330 646 2368; x_wconf 87' lang='lat' dir='ltr'>circum</span> <span class='ocrx_word' id='word_1_281' title='bbox 667 2330 821 2368; x_wconf 88' lang='lat' dir='ltr'>Milesia</span> <span class='ocrx_word' id='word_1_282' title='bbox 837 2330 977 2368; x_wconf 83' lang='lat' dir='ltr'>vellera</span> <span class='ocrx_word' id='word_1_283' title='bbox 994 2329 1190 2382; x_wconf 78' lang='lat' dir='ltr'>Nymphae</span> 
     </span>
    </p>

    <p class='ocr_par' dir='ltr' id='par_1_26' title="bbox 194 2382 993 2433">
     <span class='ocr_line' id='line_1_44' title="bbox 194 2382 993 2433; baseline 0 -12"><span class='ocrx_word' id='word_1_284' title='bbox 194 2382 419 2433; x_wconf 82' lang='lat' dir='ltr'>Carpebant,</span> <span class='ocrx_word' id='word_1_285' title='bbox 438 2383 545 2432; x_wconf 83' lang='lat' dir='ltr'>hyali</span> <span class='ocrx_word' id='word_1_286' title='bbox 563 2386 692 2422; x_wconf 81' lang='lat' dir='ltr'>saturo</span> <span class='ocrx_word' id='word_1_287' title='bbox 711 2384 839 2422; x_wconf 84' lang='lat' dir='ltr'>fucata</span> <span class='ocrx_word' id='word_1_288' title='bbox 857 2384 993 2430; x_wconf 89' lang='lat' dir='ltr'>colore,</span> 
     </span>
    </p>

    <p class='ocr_par' dir='ltr' id='par_1_27' title="bbox 194 2435 1250 2488">
     <span class='ocr_line' id='line_1_45' title="bbox 194 2435 1250 2488; baseline 0.001 -15"><span class='ocrx_word' id='word_1_289' title='bbox 194 2435 427 2487; x_wconf 88' lang='lat' dir='ltr'>Drymoque,</span> <span class='ocrx_word' id='word_1_290' title='bbox 446 2437 689 2487; x_wconf 89' lang='lat' dir='ltr'>Xanthoque,</span> <span class='ocrx_word' id='word_1_291' title='bbox 708 2437 912 2488; x_wconf 83' lang='lat' dir='ltr'>Ligeaque,</span> <span class='ocrx_word' id='word_1_292' title='bbox 931 2436 1250 2488; x_wconf 81' lang='lat' dir='ltr'>Phyllodoceque,</span> 
     </span>
    </p>

    <p class='ocr_par' dir='ltr' id='par_1_28' title="bbox 190 2488 1120 2541">
     <span class='ocr_line' id='line_1_46' title="bbox 190 2488 1120 2541; baseline 0.002 -16"><span class='ocrx_word' id='word_1_293' title='bbox 190 2488 394 2528; x_wconf 82' lang='lat' dir='ltr'>Caesariem</span> <span class='ocrx_word' id='word_1_294' title='bbox 413 2491 539 2528; x_wconf 88' lang='lat' dir='ltr'>effusae</span> <span class='ocrx_word' id='word_1_295' title='bbox 557 2491 721 2529; x_wconf 86' lang='lat' dir='ltr'>nitidam</span> <span class='ocrx_word' id='word_1_296' title='bbox 739 2504 806 2541; x_wconf 91' lang='lat' dir='ltr'>per</span> <span class='ocrx_word' id='word_1_297' title='bbox 825 2491 984 2529; x_wconf 81' lang='lat' dir='ltr'>candida</span> <span class='ocrx_word' id='word_1_298' title='bbox 1003 2490 1120 2535; x_wconf 82' lang='lat' dir='ltr'>colla3</span> 
     </span>
    </p>

    <p class='ocr_par' dir='ltr' id='par_1_29' title="bbox 192 2541 1126 2604">
     <span class='ocr_line' id='line_1_47' title="bbox 192 2541 1126 2604; baseline 0.001 -25"><span class='ocrx_word' id='word_1_299' title='bbox 192 2541 350 2591; x_wconf 88' lang='lat' dir='ltr'>[Nesaee</span> <span class='ocrx_word' id='word_1_300' title='bbox 370 2543 544 2594; x_wconf 83' lang='lat' dir='ltr'>Spioque,</span> <span class='ocrx_word' id='word_1_301' title='bbox 562 2544 786 2594; x_wconf 84' lang='lat' dir='ltr'>Thaliaque,</span> <span class='ocrx_word' id='word_1_302' title='bbox 807 2543 1126 2604; x_wconf 86' lang='lat' dir='ltr'>Cymodoceque,]</span> 
     </span>
    </p>

    <p class='ocr_par' dir='ltr' id='par_1_30' title="bbox 190 2594 1131 2650">
     <span class='ocr_line' id='line_1_48' title="bbox 190 2594 1131 2650; baseline 0.003 -18"><span class='ocrx_word' id='word_1_303' title='bbox 190 2594 444 2647; x_wconf 84' lang='lat' dir='ltr'>Cydippeque,</span> <span class='ocrx_word' id='word_1_304' title='bbox 464 2600 502 2636; x_wconf 85' lang='lat' dir='ltr'>et</span> <span class='ocrx_word' id='word_1_305' title='bbox 520 2598 618 2636; x_wconf 84' lang='lat' dir='ltr'>flava</span> <span class='ocrx_word' id='word_1_306' title='bbox 636 2597 842 2650; x_wconf 84' lang='lat' dir='ltr'>Lycorias:</span> <span class='ocrx_word' id='word_1_307' title='bbox 872 2598 991 2636; x_wconf 84' lang='lat' dir='ltr'>altera</span> <span class='ocrx_word' id='word_1_308' title='bbox 1008 2597 1131 2648; x_wconf 82' lang='lat' dir='ltr'>virgo,</span> 
     </span>
    </p>
   </div>
  </div>
 </body>
</html>
