1705 2744
245 115 295 154 52
650 127 684 153 P.
704 126 888 153 VIBGILII
917 127 1105 154 MARoms

245 221 272 258 J
275 221 351 258 ulia
369 235 443 271 qua
459 223 577 272 ponto
595 222 706 272 longe
725 223 834 259 sonat
852 222 953 259 unda
966 222 1100 268 refuso,

245 275 539 324 Tyrrhenusque
556 275 662 312 fretis
680 275 904 312 immittitur
922 278 1033 313 aestus
1049 276 1207 314 Avernis
1222 275 1239 314 Ρ

246 328 342 365 Haeo
361 328 486 365 eadem
509 329 656 378 argenti
674 329 773 366 rivos
794 328 950 378 aerisque
969 330 1122 366 metalla

248 381 428 418 Ostendit
446 381 561 427 venis,
582 384 694 431 atque
714 394 803 419 auro
821 381 982 430 plurima
999 382 1120 419 fluxit.

248 433 344 471 Haec
363 448 482 484 genus
501 447 582 471 acre
600 435 735 480 virum,
755 435 902 472 Marsos
922 435 1133 485 pubemque
1153 435 1349 481 Sabellam,

248 488 528 537 Assuetumque
547 487 645 524 malo
665 487 856 536 Ligurem,
876 487 1104 538 Volscosque
1123 491 1275 525 verutos

250 540 424 586 Extulit3
452 541 535 578 haec
557 540 702 586 Decios,
723 540 878 585 Marios,
896 554 1127 590 magnosque
1148 541 1336 588 Camillos,

249 593 439 643 Scipiadas
458 593 569 631 duros
588 593 697 638 bello,
718 595 756 630 et
775 596 825 639 te,
842 593 1003 631 maxime
1019 593 1157 640 Caesar,

250 647 323 693 Qui
343 660 443 684 nunc
461 646 637 684 extremis
657 646 754 683 Asiae
767 647 848 696 jam
866 646 988 683 victor
1006 646 1045 683 in
1065 647 1138 684 oris

252 699 451 737 Iinbellem
470 700 606 737 avertis
623 700 803 736 Romanis
824 699 969 736 arcibus
989 699 1142 737 Indum.

251 753 371 799 Salve,
391 766 529 803 magna
546 766 679 802 parens
698 753 861 802 frugum,
882 753 1060 789 Saturnia
1076 753 1202 798 telluS,

250 806 396 855 Magna
414 806 557 843 virum:
586 806 658 843 tibi
676 819 733 843 res
752 806 916 856 antiquae
934 806 1053 842 laudis
1073 808 1112 843 et
1130 805 1222 844 artis

252 859 461 909 Ingredior,
481 861 629 897 sanctos
649 872 759 895 ausus
778 859 966 897 recludere
985 859 1121 905 fontes,

251 913 517 962 Ascraeumque
536 926 627 950 cano
647 912 820 949 Romana
838 926 903 962 per
921 912 1058 962 oppida
1075 925 1237 950 carmen.

304 965 419 1003 Nunc
438 965 540 1003 locus
560 979 733 1003 arvorum
752 965 934 1016 ingeniis:
964 979 1045 1015 quae
1065 967 1199 1003 robora
1217 964 1359 1015 cuique,

253 1019 345 1065 Quis
365 1019 476 1065 color,
496 1021 535 1056 et
554 1033 638 1068 quae
659 1018 709 1056 sit
728 1019 837 1056 rebus
856 1021 993 1056 natura
1010 1019 1065 1055 fei
1067 1019 1183 1056 endis

252 1071 435 1109 Difficiles
453 1085 617 1122 primum
635 1075 760 1117 terrae,
781 1072 964 1122 collesque
982 1072 1149 1122 maligni,

253 1125 394 1163 Tenuis
413 1125 479 1162 ubi
497 1125 640 1175 argilla,
660 1128 698 1162 et
718 1125 883 1162 dumosis
903 1125 1066 1162 calculus
1085 1125 1194 1172 arvis,

254 1178 421 1216 Palladia
439 1179 606 1229 gaudent
626 1178 719 1215 silva
736 1178 797 1215 viv
801 1178 875 1215 3013
894 1178 1010 1216 olivae.

253 1231 401 1269 Indicio
421 1234 490 1278 est,
508 1234 635 1269 tractu
655 1245 810 1281 smgens
831 1232 989 1269 oleaster
1007 1231 1138 1269 eodem

255 1285 458 1330 Plurimus,
479 1287 517 1322 et
537 1285 649 1322 strati
666 1284 790 1322 baccis
810 1285 1043 1322 silvestribus
1062 1284 1154 1335 agri.

253 1338 310 1375 At
329 1351 412 1388 quae
431 1338 582 1388 pinguis
600 1338 750 1383 humus,
770 1337 942 1386 dulcique
961 1337 1103 1387 uligine
1121 1338 1219 1383 laeta,

256 1391 402 1441 Quique
420 1392 593 1441 frequens
611 1391 736 1428 herbis
756 1393 794 1428 et
814 1391 947 1428 fertilis
966 1391 1078 1428 ubere
1097 1403 1262 1440 campus,

256 1445 414 1491 Qualem
433 1457 531 1494 saepe
550 1457 640 1481 cava
658 1444 799 1481 montis
819 1444 985 1481 convalle
1004 1444 1164 1481 solemus

256 1498 458 1548 Despicere
474 1514 481 1535 :
511 1497 585 1534 huc
605 1497 760 1534 summis
779 1497 977 1547 liquuntur
995 1497 1149 1547 rupibus
1168 1509 1306 1541 amnes,

257 1551 496 1601 Felicemque
515 1550 675 1588 trahunt
693 1550 848 1588 limum:
879 1551 1015 1600 quique
1034 1550 1157 1588 editus
1177 1551 1315 1595 austro,

257 1604 312 1642 Et
332 1604 469 1642 filicem
489 1604 611 1641 curvis
630 1603 790 1640 invisam
804 1604 924 1654 pascit
944 1603 1099 1650 aratris;

258 1658 336 1695 Hie
355 1657 426 1695 tibi
445 1656 665 1707 praevalidas
685 1657 775 1694 olim
793 1657 987 1707 multoque
1006 1657 1165 1694 fluentes

258 1711 425 1748 Sufficiet
446 1710 596 1748 Baccho
615 1710 733 1755 vites3
761 1710 823 1747 hic
842 1710 975 1747 fertilis
994 1723 1087 1755 uvae,

257 1764 336 1802 Hic
355 1764 489 1809 laticis,
509 1763 657 1813 qualem
674 1763 813 1813 pateris
832 1763 991 1800 libamus
1010 1765 1049 1800 et
1068 1776 1169 1808 auro,

259 1817 416 1855 Infiavit
436 1831 551 1866 quum
571 1816 721 1867 pinguis
741 1817 832 1854 ebur
850 1816 1069 1867 Tyrrhenus
1089 1816 1136 1853 ad
1154 1829 1247 1862 3133,

259 1871 448 1908 Lancibus
469 1872 507 1908 et
526 1870 658 1920 pandis
677 1869 863 1907 fumantia
881 1870 1069 1907 reddimus
1089 1871 1187 1907 exta.

260 1924 325 1961 Sin
346 1926 516 1961 armenta
535 1923 654 1974 magis
674 1923 844 1960 studium
862 1923 1075 1973 vitulosque
1093 1922 1204 1968 tueri,

260 1978 342 2014 Aut
361 1977 461 2014 fetus
481 1976 619 2022 ovium,
639 1978 705 2014 aut
724 1978 875 2013 urentes
895 1976 998 2013 culta
1016 1975 1197 2025 capellas:

262 2029 401 2075 Saltus,
421 2032 460 2067 et
479 2030 598 2066 saturi
616 2030 738 2079 petito
757 2029 966 2079 longinqua
985 2028 1152 2073 Tarenti,

263 2082 317 2120 Et
338 2083 485 2132 qualem
504 2082 633 2120 infelix
652 2082 779 2120 amisit
799 2082 963 2119 Mantua
981 2094 1167 2130 campum,

263 2136 486 2173 Pascentem
506 2135 634 2173 niveos
653 2135 812 2172 herboso
831 2135 986 2172 flumine
1005 2147 1154 2184 cycnos

262 2188 353 2226 Non
372 2189 504 2238 liquidi
522 2188 699 2238 gregibus
719 2189 853 2234 fontes,
872 2201 949 2225 non
967 2187 1139 2238 gramina
1156 2186 1314 2224 deerunt
1330 2202 1338 2231 ;

263 2242 329 2288 Et,
349 2243 535 2292 quantum
553 2241 675 2291 longis
695 2243 849 2291 carpent
868 2242 1039 2278 armenta
1056 2240 1197 2286 diebus,

264 2295 416 2345 Exigua
433 2297 587 2332 tantum
605 2294 750 2344 gelidus
768 2308 829 2332 ros
848 2296 958 2332 nocte
977 2295 1145 2343 reponet.

262 2348 387 2398 Nigra
404 2348 480 2385 fere
499 2350 537 2385 et
556 2361 681 2397 presso
700 2347 854 2398 pinguis
874 2347 942 2385 sub
962 2360 1111 2384 vomere
1129 2348 1240 2391 terra,

262 2401 318 2438 Et
337 2401 397 2438 cui
416 2403 526 2451 putre
545 2401 677 2447 solum,
696 2413 858 2450 namque
876 2400 948 2438 hoc
966 2400 1162 2437 imitamur
1180 2399 1330 2445 arando,

264 2454 420 2504 Optima
437 2454 657 2491 frumentis:
686 2468 763 2491 non
781 2453 858 2491 ullo
877 2467 921 2491 ex
942 2466 1090 2503 aequore
1109 2466 1235 2490 cernes

263 2507 381 2544 Plura
399 2507 553 2544 domum
571 2507 689 2544 tardis
709 2507 883 2545 decedere
901 2507 1069 2557 plaustra
1081 2505 1274 2557 juvencis:

264 2561 346 2597 Aut
365 2560 464 2597 unde
482 2560 601 2597 iratus
620 2561 754 2598 silvam
773 2560 923 2598 devexit
942 2562 1078 2606 arator,

264 2613 318 2651 Et
337 2627 489 2652 nemora
507 2614 645 2652 evertit
663 2614 804 2652 multos
823 2614 961 2664 ignava
979 2627 1044 2664 per
1063 2625 1191 2658 3111103,
