1705 2744
236 87 286 125 72
642 99 676 125 P.
697 97 883 124 vmaun
901 96 1090 124 MAnoms

288 192 411 231 Omne
429 193 520 231 adeo
538 206 657 244 genus
674 193 715 230 in
732 193 843 231 terris
861 193 1132 243 hominumque
1151 193 1398 244 ferarumque,

237 246 292 283 Et
310 259 429 296 genus
447 259 674 296 aequoreum,
693 247 863 296 pecudeS‚
882 246 1068 297 piotaeque
1086 247 1267 294 volucres,

236 299 285 336 In
303 300 418 337 furias
436 299 637 350 ignemque
655 302 772 337 ruunt
790 316 798 346 ;
826 313 930 337 amor
949 300 1124 337 omnibus
1142 300 1255 338 idem.

235 352 420 403 Tempore
438 366 516 390 non
534 353 606 390 alio
626 353 837 391 catulorum
856 353 974 390 oblita
991 353 1111 390 leaena

235 406 377 444 Saevior
395 407 533 444 erravit
552 406 714 456 eampis;
742 419 810 443 neo
829 406 960 443 funera
977 406 1094 455 vulgo

235 459 332 496 Tam
350 460 473 497 multa
490 459 668 497 informes
687 459 765 496 ursi
784 460 1024 509 stragemque
1043 459 1177 496 dedere

235 512 310 550 Per
328 513 438 550 silvas
453 529 460 550 :
488 515 574 550 tum
593 525 713 549 saevus
733 525 831 562 aper,
849 514 935 549 tum
953 512 1114 562 pessima
1131 512 1243 562 tigris
1258 529 1266 559 ;

234 565 326 604 Heu
341 566 349 603 !
377 566 475 603 male
493 568 579 603 tum
597 565 730 616 Libyae
744 565 831 602 solis
850 566 997 602 erratur
1009 565 1050 602 in
1069 565 1180 615 agris.

233 619 373 657 Nonne
390 619 507 665 vides,
525 622 571 656 ut
589 621 674 656 tota
691 621 834 656 tremor
851 620 1048 669 portentet
1066 631 1248 668 equorum

234 672 410 723 Corpora,
425 673 457 710 si
474 675 628 710 tantum
647 674 757 710 notas
776 672 867 709 odor
886 671 1019 709 attulit
1039 685 1146 708 auras
1161 671 1179 710 Ρ

233 726 291 763 Ao
309 739 429 775 neque
448 739 509 763 eos
523 726 604 776 jam
622 726 727 763 frena
744 725 880 771 virum,
898 738 1020 774 neque
1037 725 1192 762 verbera
1211 737 1322 770 saeva,

233 779 325 816 Non
344 779 486 830 scopuli
504 793 688 829 rupesque
707 791 820 822 eavae,
843 780 957 828 atque
977 778 1124 829 objecta
1143 778 1339 816 retardant

234 832 423 879 Flumina,
438 835 628 883 correptos
645 832 748 869 unda
764 831 983 881 torquentia
999 834 1161 869 montes.

232 885 322 935 Ipse
339 885 417 923 ruit
436 886 641 935 dentesque
661 885 864 923 Sabellicus
884 885 1032 923 exacuit
1051 898 1125 931 sus,

232 938 288 976 Et
306 939 399 989 pede
417 939 630 990 prosubigit
648 941 801 985 terram,
819 938 930 976 fricat
949 939 1079 976 arbore
1097 939 1233 984 costas,

232 992 361 1041 Atque
379 992 468 1030 hino
487 995 600 1043 atque
617 993 720 1030 illino
738 992 989 1041 humerosque
1008 991 1056 1029 ad
1073 991 1229 1028 vulnera
1246 990 1369 1028 durat.

233 1045 333 1092 Quid
345 1046 507 1097 juvenis,
527 1060 710 1096 magnum
728 1046 789 1083 cui
807 1048 933 1083 versat
951 1045 991 1082 in
1010 1044 1154 1082 ossibus
1173 1044 1303 1094 ignem

233 1099 362 1137 Durus
381 1099 516 1138 amor?
549 1100 698 1150 Nempe
717 1099 888 1150 abruptis
906 1099 1062 1136 turbata
1078 1097 1250 1149 procellis

231 2163 357 2202 Nocte
376 2166 485 2202 natat
504 2178 601 2203 caeca
619 2179 722 2204 serus
740 2166 859 2213 freta3
888 2179 999 2216 quem
1018 2180 1128 2217 super
1145 2167 1280 2217 ingens

230 2216 350 2255 Porta
367 2220 478 2256 tonat
497 2218 592 2265 coeli,
611 2222 650 2257 et
669 2220 829 2270 scopulis
848 2219 946 2257 illisa
963 2220 1170 2258 reclamant

229 2269 418 2320 AEquora3
445 2285 514 2310 nee
532 2272 658 2310 miseri
675 2275 834 2322 possunt
852 2286 1025 2311 revocare
1043 2276 1228 2323 parentes,

228 2322 312 2361 Neo
330 2324 515 2362 moritura
531 2338 642 2376 super
659 2326 800 2363 crudeli
817 2326 945 2363 funere
963 2326 1083 2377 virgo.

229 2376 331 2423 Quid
348 2377 475 2427 lynces
494 2378 637 2416 Bacchi
654 2379 778 2425 variae,
798 2382 837 2417 et
856 2392 974 2429 genus
994 2393 1076 2417 aere
1094 2379 1271 2430 luporum

228 2430 358 2479 Atque
377 2430 544 2470 canum?
572 2432 673 2481 quid,
692 2445 776 2482 quae
794 2432 962 2470 imbelles
981 2433 1075 2471 dant
1092 2433 1226 2483 proelia
1243 2431 1376 2471 cervi?

282 2483 433 2522 Scilicet
447 2487 535 2522 ante
554 2498 683 2523 omnes
701 2486 805 2524 furor
822 2488 880 2523 est
898 2486 1058 2536 insignis
1077 2500 1278 2536 equarum3

228 2536 285 2573 Et
301 2539 470 2576 mentem
489 2538 618 2576 Venus
636 2539 721 2589 ipsa
738 2539 854 2586 dedit,
874 2553 947 2589 quo
966 2542 1137 2590 tempore
1157 2540 1292 2577 Glauci

229 2589 434 2629 Potniades
453 2591 561 2630 malis
580 2593 750 2631 membra
767 2593 980 2631 absumsere
999 2593 1203 2644 quadrigae.
