1705 2744
524 69 715 96 AExmnos
735 69 819 95 ΗΒ.
838 69 935 95 VIII.
1310 60 1387 96 279

121 164 239 202 Vobis
258 162 473 201 Mercurius
491 166 600 214 pater
618 166 688 210 est,
708 178 822 214 quem
841 163 1001 201 candida
1019 163 1126 200 Maia

122 217 290 268 Cyllenae
309 217 433 266 gelido
453 220 679 267 conceptum
697 218 838 255 vertice
857 217 980 263 sudit3

122 271 177 307 At
196 270 354 316 Maiam,
373 269 512 307 auditis
532 270 564 307 si
583 270 790 320 quidquam
809 270 1007 316 credjmus,
1026 270 1149 316 Atlas,

122 324 231 361 Idem
251 323 363 360 Atlas
383 325 552 373 generat,
573 323 656 360 coeli
675 323 740 373 qui
760 323 882 361 sidera
899 324 1015 360 tollit.

123 377 184 413 Sic
204 389 325 426 genus
344 377 542 413 amborum
561 376 701 414 scindit
720 390 759 414 se
778 376 962 427 sanguine
981 377 1027 413 ab
1047 389 1135 413 uno.

123 430 199 466 His
218 429 349 475 fretus,
368 443 445 466 non
463 429 622 480 legatOS,
642 443 762 480 neque
781 430 904 480 prima
920 443 987 480 per
1006 432 1126 466 artem

123 483 379 520 Tentamenta
396 482 456 519 tui
474 483 623 533 pepigi:
652 497 725 528 me,
746 496 805 520 me
824 483 915 533 ipse,
935 496 1136 532 meumque

124 535 255 586 Objeei
274 538 399 585 caput,
419 538 458 573 et
478 537 635 586 supplex
654 537 702 573 ad
719 536 852 573 limina
869 536 968 573 veni.

124 589 227 626 Gens
247 589 389 635 eadem,
409 602 493 638 quae
515 592 563 635 te,
583 590 725 627 crudeli
745 589 897 626 Daunia
914 589 1013 626 bello

125 642 368 691 Insequitur,
396 656 465 679 nos
485 643 516 679 si
534 643 689 692 pellant,
709 643 807 680 nihil
825 644 926 680 afore
945 642 1116 687 credunt,

124 695 225 741 Quin
243 709 395 733 omnem
415 695 642 746 Hesperiam
660 696 812 746 penitus
832 709 899 733 sua
917 696 987 733 sub
1000 695 1097 745 juga
1115 695 1287 741 mittant,

124 748 180 786 Et
199 761 313 794 mare,
334 749 435 799 quod
454 762 578 799 supra,
597 751 766 795 teneant,
786 749 960 799 quodque
979 749 1088 786 alluit
1106 749 1214 785 infra.

124 801 275 851 Accipe,
295 801 416 852 daque
435 802 560 840 fidem.
617 802 716 839 Sunt
735 802 844 840 nobis
863 802 977 840 fortia
994 802 1092 839 bello

125 854 298 900 Pectora,
318 858 408 892 sunt
428 855 555 902 animi,
576 857 615 893 et
634 856 745 893 rebus
765 858 936 906 spectata
948 855 1173 904 juventus.’⁷

177 908 338 945 Dixerat
357 908 509 946 AEneas.
566 909 637 946 Ille
657 922 709 955 OS,
729 909 930 959 oculosque
949 909 1145 959 loquentes

125 961 152 997 J
155 961 374 1008 amdudum,
393 965 433 999 et
451 966 580 999 totum
599 963 787 1000 lustrabat
804 962 947 999 lumine
965 975 1111 1011 corpus.

125 1014 226 1051 Tum
245 1015 297 1052 sic
317 1028 435 1065 pauca
453 1016 590 1053 refert:
621 1019 641 1034 ‘⁴
658 1016 716 1053 Ut
734 1018 785 1061 te,
804 1015 1009 1053 fortissime
1028 1015 1229 1059 Teucrum,

125 1068 281 1118 Accipio
300 1082 538 1119 agnoscoque
556 1069 698 1106 libens!
727 1072 773 1106 ut
792 1069 906 1106 verba
924 1068 1102 1119 parentis,

126 1121 181 1158 Et
199 1135 332 1159 vocem
351 1122 527 1159 Anchisae
546 1122 677 1172 magni
695 1122 921 1172 vultumque
940 1122 1134 1159 recordor!

125 1174 229 1212 Nam
249 1175 406 1212 memini
425 1175 604 1213 Hesionae
623 1175 810 1213 visentem
829 1188 946 1225 regna
965 1175 1101 1212 sororis

126 1227 476 1266 Laomedontiaden
496 1228 704 1274 Priamum,
725 1228 916 1265 Salamina
933 1231 1140 1278 petentem,

127 1281 317 1318 Protenus
336 1282 508 1319 Areadiae
526 1282 670 1332 gelidos
688 1281 848 1319 invisere
867 1281 973 1318 fines.

127 1334 226 1371 Tum
246 1334 341 1372 mihi
359 1335 482 1385 prima
500 1349 615 1385 genas
634 1335 801 1373 vestibat
818 1335 909 1372 flore
922 1335 1104 1385 juventa:

127 1387 370 1438 Mirabarque
389 1389 501 1426 duces
521 1389 697 1434 Teucros,
716 1389 880 1426 mirabar
898 1392 937 1426 et
954 1388 1080 1438 ipsum

127 1440 500 1488 Laomedontiaden3
529 1442 594 1479 sed
613 1442 760 1480 cunctis
780 1442 892 1479 altior
909 1441 991 1479 ibat

129 1494 326 1532 Anchises.
382 1495 486 1532 Mihi
504 1509 612 1533 mens
625 1495 796 1546 juvenali
815 1495 971 1532 ardebat
991 1507 1117 1532 amore

130 1546 363 1596 Compellare
381 1548 518 1594 virum,
537 1551 577 1585 et
596 1548 741 1585 dextrae
762 1548 842 1598 conj
850 1561 990 1597 ungere
1009 1548 1182 1584 dextram
1199 1563 1206 1583 z

130 1599 293 1645 Accessi,
313 1603 352 1638 et
371 1601 531 1650 cupidus
551 1601 697 1638 Phenei
719 1601 789 1638 sub
808 1601 950 1638 moenia
968 1600 1070 1637 duxi.

131 1652 203 1690 Ille
222 1653 317 1690 mihi
334 1653 524 1703 insignem
542 1654 761 1703 pharetram
780 1654 991 1704 Lyciasque
1012 1655 1174 1703 sagittas

131 1705 338 1743 Discedens
358 1706 670 1757 chlamydemque
690 1721 780 1744 auro
800 1707 905 1744 dedit
923 1707 1183 1750 intertextam,

132 1759 331 1809 Frenaque
349 1760 450 1806 bina,
469 1773 576 1797 meus
597 1774 678 1810 quae
698 1773 798 1797 nunc
818 1761 946 1805 habet,
965 1773 1089 1805 aurea,
1109 1759 1245 1796 Pallas.

132 1812 237 1862 Ergo
257 1815 307 1858 et,
328 1826 441 1862 quam
459 1813 602 1863 petitis,
617 1814 753 1864 juncta
771 1816 829 1851 est
846 1813 943 1850 mihi
961 1813 1100 1850 foedere
1119 1813 1252 1850 dextra
1267 1828 1274 1848 z

132 1865 186 1902 Et
204 1866 269 1902 lux
289 1880 408 1915 quum
426 1867 593 1916 primum
611 1867 722 1904 terris
741 1880 780 1904 se
799 1866 963 1904 crastina
981 1866 1125 1912 reddet,

131 1919 284 1956 Auxilio
303 1919 411 1956 laetos
430 1919 636 1965 dimittam,
657 1920 865 1970 opibusque
879 1919 1034 1970 juvabo.

131 1971 285 2009 Interea
303 1986 407 2009 sacra
425 1973 516 2018 haec,
536 1973 686 2023 quando
705 1973 780 2010 huc
798 1973 957 2010 venistis
977 1972 1098 2018 amici,

131 2026 283 2071 Annua,
304 2039 388 2076 quae
408 2026 556 2063 differre
575 2027 691 2072 nefas,
711 2026 898 2064 celebrate
916 2026 1086 2063 faventes

131 2078 356 2124 Nobiscum,
376 2082 415 2117 et
428 2079 509 2130 jam
528 2093 630 2117 nunc
650 2080 836 2117 sociorum
855 2079 1057 2116 assuescite
1076 2078 1256 2116 mensis.''

187 2132 281 2169 Haec
300 2132 366 2170 ubi
385 2132 498 2178 dicta,
519 2133 632 2183 dapes
645 2133 757 2183 jubet
777 2136 816 2170 et
836 2132 986 2170 sublata
1004 2132 1135 2182 reponi

134 2183 286 2231 Pocula,
305 2186 573 2236 gramineoque
591 2187 692 2223 viros
710 2186 812 2224 locat
830 2186 909 2235 ipse
929 2186 1036 2223 sedili
1054 2202 1062 2232 3

135 2237 451 2289 Praecipuumque
470 2242 556 2277 toro
575 2242 614 2277 et
632 2239 753 2277 villosi
777 2239 874 2289 pelle
892 2239 1010 2276 leonis

135 2291 285 2341 Accipit
303 2292 463 2338 AEnean,
483 2293 650 2343 solioque
667 2293 809 2330 invitat
831 2305 976 2330 acerno.

135 2342 235 2380 Tum
254 2344 343 2382 lecti
356 2345 516 2396 juvenes
535 2342 712 2384 certatim
731 2359 879 2395 araeque
898 2346 1069 2383 sacerdos

136 2395 288 2434 Viscera
303 2400 409 2444 tosta
426 2399 555 2437 ferunt
572 2402 785 2445 taurorum,
805 2402 1039 2448 onerantque
1058 2397 1232 2436 canistris

136 2448 248 2486 Dona
265 2450 442 2489 laboratae
462 2452 619 2498 Cereris,
639 2453 911 2501 Bacchumque
928 2451 1161 2489 ministrant.

136 2501 311 2540 Vescitur
329 2504 480 2551 AEneas,
501 2506 617 2543 simul
635 2508 674 2543 ct
693 2505 857 2556 Trojana
868 2505 1064 2555 juventus,

136 2553 317 2605 Perpetui
334 2560 444 2608 tergo
463 2559 582 2606 bovis,
602 2561 641 2596 et
658 2559 878 2596 lustralibus
897 2557 1006 2596 extis.
