1674 2775
656 97 846 124 AEmctnos
865 98 949 124 ΠΒ.
969 98 1046 124 ΧΠ.
1407 91 1485 128 383

205 192 360 230 Talibus
379 192 532 230 incensa
550 194 608 230 est
621 192 807 243 juvenum
827 193 1018 231 sententia
1036 193 1148 231 dictis

205 245 234 283 J
236 259 298 283 am
316 246 438 297 magis
457 249 570 296 atque
589 246 733 296 magis3
763 246 953 297 serpitque
972 260 1038 297 per
1057 247 1211 297 agmina
1228 260 1411 285 murmur.

204 299 288 349 Ipsi
306 299 516 337 Laurentes
535 300 688 346 mutati,
706 300 852 350 ipsique
871 300 1024 337 Latini:

205 353 281 399 Qui
299 353 370 390 sibi
382 353 463 403 jam
482 353 649 403 requiem
667 367 806 404 pugnae
824 354 1009 403 rebusque
1028 353 1190 391 salutem

205 405 426 456 Sper-abant,
446 420 547 444 nunc
566 420 671 444 arma
689 407 836 453 volunt,
856 407 1051 456 foedusque
1071 409 1273 457 precantur

204 459 410 506 Infectum,
430 462 469 497 et
489 460 609 497 Turni
629 462 770 498 sortem
789 460 1018 498 miserantur
1036 460 1218 510 iniquam.

204 512 281 550 His
301 513 404 550 aliud
422 513 542 564 majus
563 513 590 550 J
594 516 733 551 uturna
752 514 937 565 adjungit,
957 517 996 551 et
1016 513 1095 552 alto

203 565 286 604 Dat
307 567 461 617 signum
480 567 595 612 coelo3
625 581 698 616 quo
716 581 793 604 non
812 567 1034 617 praesentius
1054 567 1176 604 ullum

204 619 391 658 Turbavit
409 623 556 659 mentes
577 620 707 666 Italas,
727 624 972 671 monstroque
991 621 1136 658 fefellit.

203 672 382 724 Namque
401 674 531 711 volans
550 674 663 711 rubra
681 674 806 711 fulvus
827 674 853 711 J
856 675 935 712 ovis
955 674 1030 712 ales
1050 675 1089 711 in
1108 675 1230 712 aethra

204 726 377 765 Litoreas
397 727 568 778 agitabat
587 741 673 765 aves
692 728 920 777 turbamque
939 730 1137 765 sonantem

203 780 382 830 Agminis
401 781 552 831 aligeri3
581 781 708 819 subito
728 795 845 830 quum
864 781 990 831 lapsus
1009 782 1057 818 ad
1075 782 1194 820 undas

204 832 377 884 Cycnum
397 834 640 872 excellentem
660 835 817 885 pedibus
836 835 936 885 rapit
954 835 1148 884 improbus
1168 835 1285 873 uncis.

203 887 387 925 Arrexere
406 888 551 926 animos
572 888 674 934 Itali,
694 891 914 938 cunctaeque
933 888 1103 926 volucres

204 939 445 979 Convertunt
464 941 625 979 clamore
644 942 785 993 fugam,
805 942 974 979 mirabile
992 942 1087 989 visu,

204 993 438 1044 AEtheraque
458 995 661 1033 obscurant
680 996 826 1046 pennis,
844 995 1069 1046 hostemque
1087 1009 1154 1046 per
1172 1009 1280 1033 amas

204 1047 326 1086 Facta
344 1048 444 1086 nube
462 1052 662 1099 premunt:
692 1050 809 1087 donec
828 1049 865 1086 vi
884 1049 1007 1095 victis,
1027 1051 1066 1086 et
1084 1049 1166 1099 ipso

204 1100 377 1139 Pondere
396 1102 544 1149 defecit,
563 1103 804 1153 praedamque
823 1116 868 1140 ex
887 1103 1081 1153 unguibus
1101 1103 1177 1141 ales

204 1153 371 1206 Projecit
390 1156 518 1202 fluvio,
537 1156 763 1206 penitusque
782 1157 821 1193 in
840 1157 970 1194 nubila
988 1156 1102 1207 sugit.

204 1207 305 1245 Tum
324 1222 412 1246 vero
432 1210 635 1260 augurium
654 1209 793 1247 Rutuli
812 1210 973 1248 clamore
992 1210 1174 1255 salutant,

203 1262 498 1313 Expediuntque
517 1276 674 1309 manus3
701 1264 919 1314 primusque
939 1264 1163 1301 Tolumnius
1183 1277 1314 1314 augur,

203 1315 326 1354 “Hoc
346 1318 438 1363 erat,
458 1316 530 1354 hoc
548 1317 688 1363 votis?
709 1317 846 1368 inquit,
867 1320 887 1336 “
904 1317 1004 1367 quod
1024 1330 1121 1368 saepe
1140 1317 1282 1368 petivi:

203 1369 371 1420 Accipio,
391 1384 628 1421 agnoscoque
648 1371 757 1408 deos:
787 1385 859 1417 me,
880 1384 940 1409 me
960 1371 1053 1409 duce
1073 1372 1214 1409 ferrum

203 1422 403 1473 Corripite,
423 1437 445 1461 o
464 1424 602 1470 miseri,
623 1438 715 1474 quos
734 1424 927 1475 improbus
947 1425 1091 1462 advena
1109 1425 1209 1463 bello

203 1476 383 1522 Territat,
402 1477 584 1515 invalidas
603 1480 648 1515 ut
667 1492 753 1516 aves
773 1481 812 1516 et
830 1478 944 1516 litora
961 1481 1089 1516 vestra

202 1529 253 1567 Vi
271 1531 441 1580 populat.
497 1531 612 1569 Petet
631 1531 692 1569 ille
712 1532 853 1582 fugam,
873 1532 1099 1582 penitusque
1117 1531 1304 1582 profundo

202 1583 298 1622 Vela
316 1584 434 1622 dabit.
490 1584 568 1622 Vos
587 1585 759 1622 unanimi
778 1586 933 1623 densate
952 1588 1122 1623 catervas

203 1637 260 1675 Et
278 1651 407 1688 regem
426 1638 532 1676 vobis
551 1652 682 1689 pugna
699 1639 890 1677 defendite
908 1639 1102 1689 raptum.”

203 1690 327 1738 Dixit,
347 1694 386 1729 et
405 1692 579 1729 adversos
598 1693 720 1730 telum
739 1692 924 1730 contorsit
944 1693 983 1729 in
1003 1693 1132 1730 hostes

204 1744 457 1793 Procurrens;
485 1746 654 1783 sonitum
673 1746 739 1784 dat
758 1746 921 1784 stridula
940 1760 1086 1793 cornus,
1106 1748 1146 1784 et
1165 1759 1273 1783 auras

204 1798 320 1836 Certa
338 1802 451 1837 secat.
507 1799 629 1837 Simul
647 1799 731 1846 hoc,
751 1800 864 1837 simul
882 1800 1016 1850 ingens
1036 1800 1187 1846 clamor,
1207 1802 1246 1837 et
1265 1811 1396 1837 omnes

204 1851 368 1889 Turbati
386 1852 506 1899 cunei,
526 1853 778 1903 calefactaque
799 1854 910 1891 corda
928 1853 1114 1890 tumultu.

203 1905 332 1943 Hasta
350 1906 492 1953 volans,
510 1909 555 1944 ut
574 1907 672 1944 forte
691 1921 828 1945 novem
845 1907 1099 1957 pulcherrima
1115 1906 1280 1944 fratrum

204 1958 371 2010 Corpora
390 1960 642 1997 constiterant
662 1963 804 2007 contra,
825 1974 917 2010 quos
937 1961 1013 1997 fida
1031 1962 1175 1998 crearat

203 2012 293 2050 Una
310 2015 373 2050 tot
392 2013 555 2051 Arcadio
575 2013 711 2064 conjux
731 2014 929 2065 Tyrrhena
947 2014 1102 2064 Gylipo,

202 2065 359 2104 Horum
377 2080 497 2104 unum
515 2067 563 2104 ad
581 2067 759 2115 medium,
779 2068 919 2105 teritur
937 2081 1010 2118 qua
1029 2067 1154 2105 sutilis
1173 2067 1257 2104 alvo

203 2119 376 2167 Balteus,
396 2122 435 2158 et
454 2121 617 2158 laterum
630 2121 830 2172 juncturas
849 2121 966 2159 fibula
983 2121 1144 2168 mordet,

203 2173 416 2224 Egregium
434 2175 555 2212 forma
568 2175 747 2225 juvenem
767 2178 805 2213 et
824 2175 1058 2226 fulgentibus
1078 2174 1203 2220 armis,

203 2226 448 2278 Transadigit
467 2230 602 2275 costas,
621 2228 797 2278 fulvaque
816 2229 977 2266 effundit
997 2242 1120 2266 arena.

203 2280 260 2318 At
278 2281 425 2327 fratres,
444 2282 613 2320 animosa
631 2282 795 2332 phalanx
814 2296 1042 2333 accensaque
1060 2282 1179 2329 luctu,

205 2333 299 2371 Pars
319 2335 463 2385 gladios
483 2335 682 2386 stringunt
700 2336 887 2382 manibus,
906 2350 991 2386 pars
1011 2336 1152 2373 missile
1171 2335 1313 2373 ferrum

206 2386 438 2438 Corripiunt,
458 2389 623 2439 caecique
642 2392 773 2427 ruunt.
830 2367 934 2436 Quos
955 2389 1110 2440 agmina
1129 2392 1262 2427 contra

205 2439 440 2479 Procurrunt
460 2442 718 2481 Laurentum:
747 2443 837 2480 hinc
857 2443 962 2480 densi
981 2457 1110 2480 rursus
1128 2443 1320 2480 inundant

205 2493 325 2531 Troes
345 2495 591 2547 Agyllinique
610 2498 649 2534 et
668 2497 781 2547 pictis
801 2497 857 2533 Ar
860 2497 967 2534 cades
988 2496 1114 2534 armis.

206 2546 268 2584 Sic
287 2561 418 2586 omnes
438 2562 544 2586 amor
561 2564 660 2587 unus
680 2550 797 2587 habet
816 2550 1013 2588 deceinere
1032 2550 1141 2588 ferro.

204 2599 406 2652 Diripuere
425 2615 532 2650 aras;
559 2603 592 2641 it
611 2605 697 2641 toto
716 2604 871 2641 turbida
889 2604 983 2642 coelo
