1674 2775
153 96 231 133 358
555 108 590 134 P.
611 108 800 134 VIRGILII
820 108 1010 135 MARONIS

156 201 323 251 Imperio
343 202 495 248 accitos,
515 202 594 239 alta
611 203 713 239 intra
731 203 865 240 limina
883 204 999 253 cogit.

155 254 231 291 Olli
250 268 468 301 convenere,
487 255 688 305 fluuntque
708 257 756 293 ad
774 257 879 307 regia
896 257 1018 307 plenis

153 307 272 345 Tecta
289 308 372 345 viis.
429 308 543 346 Sedet
562 309 602 346 in
622 309 755 346 mediis
775 313 814 347 et
832 310 1020 347 maximus
1039 323 1132 357 aevo,

152 361 208 398 Et
227 361 371 411 primus
392 362 561 412 sceptris,
581 363 684 399 haud
702 362 792 400 laeta
810 363 946 409 fronte,
966 363 1142 401 Latinus.

151 415 281 464 Atque
300 415 362 452 hic
380 415 526 465 legatos
546 415 679 453 AEtola
697 429 742 453 ex
761 417 853 453 urbe
872 416 1059 462 remissos,

152 467 245 514 Quae
263 469 439 514 referant,
459 468 529 505 fari
542 469 666 519 jubet,
687 471 725 506 et
744 483 923 519 responsa
941 470 1105 519 reposcit

152 520 293 559 Ordine
313 525 450 559 cuncta
469 536 548 559 suo.
605 522 705 559 Tum
725 523 826 559 facta
844 523 996 560 silentia
1013 523 1168 573 linguis,

151 574 207 611 Et
225 575 395 612 Venulus
416 575 518 613 dicto
538 589 671 625 parens
690 576 746 613 ita
764 576 875 613 farier
893 576 981 613 infit
998 593 1005 614 ε

204 631 224 647 “
240 628 428 675 Vidimus,
448 642 470 666 o
490 629 601 675 cives,
621 629 849 667 Diomedem
867 630 1086 679 Argivaque
1106 631 1241 676 castra,

149 682 279 730 Atque
297 682 371 719 iter
389 682 532 719 emensi
551 695 657 719 casus
678 682 936 732 superavimus
956 697 1107 728 omnes3

151 734 467 785 Contigimusque
487 749 654 782 manum,
676 750 749 785 qua
768 736 933 773 concidit
954 736 1027 774 Ilia
1044 737 1170 774 tellus.

149 788 221 825 Ille
240 789 374 826 urbem
394 789 638 839 Argyripam,
658 789 789 839 patriae
809 790 1034 839 cognomine
1053 791 1192 841 gentis,

148 841 283 879 Victor
302 842 472 892 Gargani
491 843 677 880 condebat
697 842 854 893 Iapygis
874 843 985 880 arvis.

149 894 361 946 Postquam
379 896 614 946 introgressi,
634 898 673 933 et
692 909 819 933 coram
838 896 929 933 data
947 896 1054 946 copia
1072 897 1177 934 fandi
1194 914 1202 935 :

148 948 313 987 Munera
330 949 577 999 praeferimus,
596 963 734 987 nomen
753 949 990 999 patriamque
1010 950 1209 997 docemus3

148 1002 223 1048 Qui
241 1003 384 1040 bellum
402 1003 616 1048 intulerint,
637 1016 718 1052 quae
738 1016 849 1040 causa
868 1004 1070 1041 attraxerit
1089 1005 1226 1054 Arpos.

146 1055 302 1094 Auditis
321 1056 386 1094 ille
405 1056 483 1094 haec
502 1056 650 1106 placido
671 1056 723 1094 sic
742 1057 907 1094 reddidit
927 1070 1011 1094 ore:

147 1112 155 1128 ⁶
169 1109 203 1146 Ο
222 1109 430 1147 fortunatae
451 1112 597 1160 genteS‚
617 1109 795 1147 Saturnia
813 1123 940 1160 regna,

145 1163 310 1212 Antiqui
328 1164 500 1209 Ausonii,
521 1176 606 1213 quae
625 1177 691 1201 vos
711 1164 865 1201 fortuna
883 1163 1031 1213 quietos

146 1216 348 1263 Sollicitat,
368 1217 575 1266 suadetque
594 1217 729 1267 ignota
746 1217 924 1254 lacessere
943 1216 1072 1254 bella?

146 1269 384 1320 Quicumque
404 1270 540 1307 Iliacos
560 1271 657 1308 ferro
676 1270 899 1307 violavimus
920 1284 1096 1319 agros,—

144 1323 269 1361 Mitto
289 1337 342 1370 ea,
363 1337 444 1373 quae
463 1324 581 1361 muris
600 1323 774 1361 bellando
794 1323 979 1361 exhausta
998 1324 1068 1360 sub
1088 1323 1187 1369 altis,

145 1376 248 1423 Quos
269 1377 410 1414 Simois
429 1380 577 1427 premat
596 1377 660 1414 ille
679 1377 1000 1423 viros,-infanda
1018 1390 1084 1426 per
1103 1377 1233 1414 orbem

145 1430 338 1480 Supplicia
356 1433 395 1468 et
416 1431 598 1467 scelerum
617 1443 746 1480 poenas
766 1430 1012 1480 expendimus
1033 1443 1175 1476 omnes,

142 1483 216 1520 Vel
234 1483 388 1520 Priamo
408 1483 620 1521 miseranda
638 1497 772 1520 manus
787 1499 795 1529 3
824 1483 896 1520 scit
914 1484 1027 1520 triste
1047 1483 1233 1521 Minervae

143 1536 267 1582 Sidus,
287 1539 326 1574 et
346 1537 529 1574 Eubo'icae
548 1538 688 1582 cautes,
708 1537 885 1586 ultorque
905 1536 1132 1586 Caphereus.

142 1590 289 1627 Militia
307 1604 352 1628 ex
370 1590 436 1627 illa
456 1590 647 1627 diversum
667 1589 714 1626 ad
732 1589 824 1626 litus
844 1589 980 1635 adacti,

142 1643 297 1681 Atrides
318 1643 450 1681 Protei
468 1643 666 1680 Menelaus
686 1643 852 1692 adusque
871 1642 1064 1680 columnas

142 1697 329 1743 Exsulat3
357 1697 531 1734 AEtnaeos
551 1697 648 1734 vidit
669 1696 853 1747 Cyclopas
874 1696 1017 1733 Ulixes.

143 1750 280 1801 Regna
298 1750 545 1801 Neoptolemi
563 1750 733 1795 referam,
753 1763 955 1799 versosque
974 1751 1130 1799 penates

142 1803 371 1842 Idomenei?
401 1803 596 1854 Libycone
615 1803 834 1841 habitantes
854 1803 964 1840 litore
985 1802 1158 1841 Locros?

142 1857 230 1907 Ipse
250 1858 474 1908 Mycenaeus
493 1870 721 1908 magnorum
741 1857 877 1894 ductor
895 1856 1089 1894 Achivum

143 1911 325 1962 Conjugis
343 1911 510 1948 infandae
529 1911 652 1960 prima
670 1911 772 1947 intra
790 1910 922 1947 limina
941 1910 1074 1947 dextra

142 1964 339 2014 Oppetiit3
368 1964 558 2002 devictam
577 1964 710 2001 Asiam
730 1964 900 2001 subsedit
921 1963 1081 2001 adulter.

142 2018 330 2055 Invidisse
350 2018 450 2064 deos,
469 2017 603 2067 patriis
623 2020 667 2055 ut
685 2017 856 2055 redditus
875 2016 949 2054 aris

142 2071 374 2122 Conjugium
393 2073 571 2121 optatum
590 2073 629 2108 et
647 2071 847 2121 pulchram
867 2070 1062 2120 Calydona
1080 2069 1247 2107 viderem
1262 2068 1280 2107 ἶ)

140 2124 257 2162 Nunc
277 2125 392 2162 etiam
411 2124 584 2161 horribili
603 2124 687 2161 visu
706 2126 886 2174 portenta
904 2125 1126 2174 sequuntur,

140 2178 196 2216 Et
216 2178 307 2216 socii
326 2178 454 2215 amissi
471 2177 665 2228 petierunt
685 2177 826 2215 aethera
843 2177 988 2227 pennis,

141 2231 457 2281 Fluminibusque
476 2233 667 2281 vagantur
686 2244 784 2276 aves,
802 2231 880 2267 heu
899 2230 980 2267 dira
997 2241 1169 2266 meorum

140 2285 352 2335 Supplicia!
381 2288 420 2322 et
440 2284 612 2334 scopulos
631 2284 838 2321 lacrimosis
857 2283 1012 2320 vocibus
1032 2282 1206 2332 implent.

139 2338 236 2376 Haec
256 2339 348 2376 adeo
368 2351 413 2375 ex
431 2338 495 2375 illo
516 2338 610 2374 mihi
623 2337 705 2387 jam
725 2337 907 2387 speranda
925 2337 1080 2373 fuerunt

140 2392 338 2442 Tempore,
358 2405 476 2442 quum
495 2392 592 2429 ferro
612 2391 780 2428 coelestia
799 2403 954 2440 corpora
973 2389 1126 2427 demens

138 2445 308 2496 Appetii,
327 2447 367 2482 et
386 2445 543 2482 Veneris
562 2444 701 2482 violavi
719 2444 873 2481 vulnere
893 2444 1078 2480 dextram.

137 2499 200 2537 Ne
219 2512 319 2545 vero,
338 2512 385 2536 ne
404 2512 465 2536 me
485 2499 531 2536 ad
549 2498 646 2535 tales
664 2497 849 2547 impellite
867 2510 1026 2547 pugnas.

138 2553 220 2643 {ec
239 2552 336 2589 mihi
355 2565 443 2590 cum
462 2552 616 2589 Teucris
636 2551 756 2588 ullum
775 2553 862 2600 post
882 2552 991 2587 eruta
1008 2549 1148 2588 bellum

173 2619 347 2657 ergama3
375 2619 443 2644 nec
462 2611 636 2644 veterum
654 2604 811 2642 memini
829 2604 987 2642 laetorve
1006 2603 1206 2641 malorum.
