1705 2744
601 73 793 100 AENEIDos
812 73 896 100 Lm.
916 73 974 100 w.
1349 65 1428 102 227

146 708 347 753 Silvarum,
366 706 533 756 visaeque
552 718 661 742 canes
680 703 825 741 ululare
843 716 910 754 per
929 703 1117 749 umbram,

146 762 395 800 Adventante
414 760 495 796 dea.
552 762 573 778 “
587 757 727 796 Procul
746 771 779 803 o,
798 757 931 807 procul
949 760 1041 804 este,
1060 757 1249 808 profani,⁷’

148 814 372 853 Conclamat
391 815 510 858 vates,
531 814 552 831 “
565 814 725 861 totoque
745 811 919 848 absistite
937 810 1046 857 luco;

148 869 283 919 Tuque
300 867 436 905 invade
455 866 568 912 viam,
588 865 800 915 vaginaque
820 865 920 914 eripe
939 864 1104 902 serrum:

149 922 266 960 Nunc
285 920 421 959 animis
441 933 547 970 opus,
567 918 700 964 AEnea,
720 931 822 955 nunc
842 920 994 968 pectore
1013 918 1167 956 firmo.''

148 976 319 1013 Tantum
339 974 463 1019 effata,
482 973 611 1010 furens
631 974 742 1009 antro
763 985 801 1009 se
819 971 982 1009 immisit
1002 974 1156 1022 aperto:

149 1029 222 1066 Ille
241 1028 376 1066 ducem
394 1027 498 1065 haud
517 1025 664 1063 timidis
683 1026 888 1063 vadentem
906 1025 1080 1075 passibus
1101 1027 1238 1076 aequat.

202 1082 267 1127 Di,
288 1081 424 1132 quibus
443 1080 646 1130 imperium
665 1081 724 1117 est
744 1079 968 1124 animarum,
988 1078 1219 1129 Umbraeque
1238 1079 1404 1125 silentes,

149 1135 206 1173 Et
225 1135 362 1180 Chaos,
382 1136 422 1172 et
442 1133 698 1183 Phlegethon,
718 1133 800 1170 loca
817 1135 930 1169 nocte
948 1133 1118 1170 tacentia
1135 1133 1223 1181 ]ate,

150 1189 210 1226 Sit
229 1188 326 1226 mihi
344 1188 400 1225 fas
420 1187 552 1225 audita
569 1187 696 1237 loqui3
725 1186 776 1223 sit
795 1186 951 1223 numine
970 1189 1098 1224 vestro

149 1242 321 1280 Pandere
339 1255 398 1279 res
418 1241 496 1278 alta
514 1243 617 1278 terra
635 1242 674 1277 et
694 1240 855 1290 caligine
873 1253 1026 1277 mersas.

150 1296 268 1334 Ibant
288 1294 439 1333 obscuri
458 1294 537 1332 sola
556 1294 626 1331 sub
646 1295 758 1331 nocte
777 1307 844 1343 per
862 1294 1050 1339 umbram,

148 1349 297 1399 Perque
316 1349 449 1386 domos
468 1347 574 1385 Ditis
593 1360 742 1394 vacuas,
763 1350 802 1385 et
820 1347 948 1384 inania
966 1360 1096 1397 regna.

149 1403 267 1450 Quale
286 1416 352 1453 per
370 1402 556 1439 incertam
574 1401 706 1438 lunam
725 1401 796 1438 sub
815 1400 899 1438 luce
918 1401 1087 1451 maligna

148 1456 224 1493 Est
242 1456 316 1493 iter
334 1455 375 1493 in
393 1455 520 1493 silvis:
550 1455 615 1492 ubi
635 1454 775 1492 coelum
795 1454 965 1492 condidit
984 1455 1120 1492 umbra

149 1509 317 1559 Jupiter,
337 1511 376 1546 et
393 1509 506 1546 rebus
525 1522 601 1545 nox
619 1508 781 1545 abstulit
801 1510 884 1545 atra
903 1508 1077 1546 colorem.

148 1562 395 1600 Vestibulum
413 1564 502 1599 ante
520 1561 647 1611 ipsum
665 1561 872 1611 primisque
891 1562 931 1598 in
950 1562 1120 1599 faucibus
1141 1561 1231 1599 Orci

149 1615 298 1652 Luctus
318 1617 357 1652 et
375 1615 529 1652 ultrices
548 1628 705 1664 posuere
724 1615 864 1652 cubilia
883 1614 995 1652 Curae
1013 1631 1020 1661 ;

149 1668 416 1718 Pallentesque
434 1668 614 1705 habitant
633 1668 774 1714 Morbi,
794 1668 992 1718 tristisque
1012 1668 1206 1714 Senectus,

148 1722 205 1759 Et
226 1721 371 1767 Metus,
391 1723 431 1758 et
449 1721 666 1758 malesuada
685 1721 834 1768 Fames,
855 1735 896 1759 ac
915 1722 1038 1771 turpis
1059 1722 1292 1772 Egestas,—

148 1775 352 1812 Terribiles
369 1774 456 1811 visu
474 1774 900 1825 formae‚—Letumque,
920 1775 1120 1825 Labosque
1137 1791 1145 1820 ;

147 1828 250 1866 Tum
269 1827 571 1878 consanguineus
591 1828 681 1865 Leti
700 1828 830 1878 Sopor,
851 1831 890 1866 et
909 1828 1010 1865 mala
1027 1828 1168 1866 mentis

148 1881 310 1928 Gaudia,
329 1881 646 1931 mortiferumque
665 1881 821 1919 adverso
840 1881 880 1918 in
898 1881 1030 1919 limine
1050 1882 1214 1927 Bellum,

148 1935 354 1985 Ferreique
373 1934 634 1972 Eumenidum
651 1935 824 1981 thalami,
845 1938 884 1973 et
904 1935 1105 1973 Discordia
1125 1935 1288 1983 demens,

147 1988 355 2039 Vipereum
375 1988 518 2026 crinem
536 1988 647 2025 vittis
665 1988 804 2026 innexa
823 1989 1002 2026 cruentis.

203 2042 253 2079 In
271 2041 397 2080 medio
416 2055 540 2079 ramos
560 2055 775 2092 annosaque
793 2042 948 2079 brachia
965 2042 1100 2092 pandit

149 2095 290 2133 Ulmus
310 2108 437 2146 opaca,
457 2095 615 2145 ingens3
644 2109 758 2145 quam
777 2096 905 2133 sedem
925 2095 1081 2133 Somnia
1099 2095 1215 2146 vulgo

149 2149 262 2187 Vana
278 2150 409 2187 tenere
427 2149 568 2195 ferunt,
587 2148 762 2199 foliisque
781 2149 851 2186 sub
871 2149 1047 2187 omnibus
1066 2150 1228 2187 haerent.

148 2203 353 2253 Multaque
371 2204 554 2253 praeterea
571 2202 762 2240 variarum
781 2205 954 2240 monstra
971 2203 1149 2250 ferarum,

149 2255 333 2294 Centauri
350 2256 391 2293 in
409 2256 553 2294 foribus
572 2256 779 2303 stabulant,
799 2256 1011 2307 Scyllaeque
1030 2257 1221 2304 biformes,

148 2309 205 2346 Et
225 2309 556 2360 centumgeminus
576 2310 765 2356 Briareus,
786 2323 828 2348 ac
847 2311 973 2348 bellua
992 2311 1124 2349 Lernae

149 2362 399 2400 Horrendum
418 2363 593 2410 stridens,
612 2363 851 2414 flammisque
870 2367 1018 2402 armata
1038 2364 1238 2409 Chimaera,

151 2415 360 2466 Gorgones,
380 2416 652 2467 Harpyiaeque,
672 2419 712 2455 et
730 2417 853 2455 forma
870 2418 1090 2468 tricorporis
1108 2418 1269 2455 umbrae.

151 2467 318 2519 Corripit
336 2469 399 2507 hic
418 2470 546 2507 subita
562 2471 734 2521 trepidus
752 2471 953 2509 formidine
972 2472 1114 2510 ferrum

151 2521 303 2568 AEneas,
322 2523 572 2573 strictamque
591 2524 710 2562 aciem
728 2524 969 2562 venientibus
989 2526 1100 2563 offert
1116 2542 1125 2573 3

151 2573 219 2623 Et,
237 2575 279 2613 ni
297 2575 410 2614 docta
428 2590 552 2616 comes
571 2579 706 2616 tenues
726 2578 806 2617 sine
825 2592 979 2630 corpore
997 2579 1096 2617 vitas
