1705 2744
681 113 899 141 BUOOLICA.
953 113 1041 140 ECL.
1061 112 1099 138 V.
1467 103 1516 141 13

317 211 431 249 ΜΕΝ.
461 209 662 247 Montibus
680 208 721 245 in
739 207 878 246 nostris
898 207 998 245 solus
1016 206 1089 244 tibi
1108 207 1228 244 certet
1247 206 1451 257 Amyntas.

316 265 428 302 Mor.
458 263 570 310 Quid,
590 262 621 299 si
639 262 741 299 idem
759 263 878 299 certet
898 261 1089 298 Phoebum
1109 273 1281 309 superare
1301 260 1498 299 canendo?

316 318 429 355 ΜΕΝ.
460 315 603 366 Incipe,
615 315 762 365 Mopse,
774 314 885 364 prior,
898 314 1033 364 siquos
1046 315 1112 350 aut
1127 312 1314 364 Phyllidis
1328 313 1446 363 ignes,

264 372 346 408 Aut
366 369 519 407 Alconis
538 369 652 406 habes
671 368 812 413 laudes,
831 369 897 404 aut
911 367 1039 418 jurgia
1058 366 1182 403 Codri.

264 424 419 473 Incipe3
446 424 642 473 pascentes
662 421 826 459 servabit
845 420 1003 471 Tityrus
1022 420 1160 457 haedos.

316 477 427 514 Mop.
457 476 582 513 Immo
601 475 693 521 haec,
712 474 752 511 in
770 474 881 511 viridi
898 487 1017 524 nuper
1036 486 1117 523 quae
1136 471 1274 510 cortice
1292 472 1370 523 fagi

265 529 442 567 Carmina
461 528 638 578 descripsi
657 530 696 565 et
714 527 911 565 modulans
931 527 1075 564 alterna
1092 525 1234 572 notavi,

265 583 470 633 Experiar3
498 584 544 619 tu
563 581 695 619 deinde
709 581 843 632 jubeto
863 582 982 618 certet
1000 580 1202 629 Amyntas.

318 636 432 673 ΜΕΝ.
461 635 586 672 Lenta
604 634 697 671 salix
716 635 902 684 quantum
919 632 1076 683 pallenti
1095 631 1194 669 cedit
1213 631 1331 678 olivae‚

266 689 443 726 Puniceis
462 688 616 725 humilis
636 689 821 738 quantum
841 687 1007 724 saliunca
1024 685 1181 723 rosetis:

266 742 294 780 J
296 742 419 779 udicio
437 743 568 779 nostro
586 743 741 778 tantum
758 740 830 777 tibi
849 740 948 778 cedit
967 740 1168 789 Amyntas.

319 795 430 832 MOP.
460 794 534 832 Sed
551 796 598 831 tu
616 794 741 831 desine
759 793 878 843 plura,
897 806 1010 843 puer3
1039 790 1283 829 successimus
1303 792 1425 828 antro.

265 848 515 885 Exstinctum
533 846 725 897 Nymphae
744 846 885 883 crudeli
902 846 1030 883 funere
1049 844 1231 894 Daphnin

266 901 453 947 Flebant3
480 913 546 937 vos
566 899 683 937 coruli
700 901 817 936 testes
837 901 876 937 et
893 899 1050 936 flumina
1068 897 1262 948 Nymphis
1277 914 1285 943 ;

267 955 394 1001 Quum
414 953 605 1003 complexa
623 952 681 990 sui
700 966 833 1002 corpus
852 952 1061 990 miserabile
1078 951 1161 988 nati

266 1008 395 1057 Atque
414 1007 501 1043 deos
521 1008 634 1055 atque
653 1008 755 1043 astra
773 1008 884 1043 vocat
904 1005 1068 1043 crudelia
1085 1007 1219 1042 mate-r.

266 1060 359 1097 Non
376 1059 444 1096 ulli
462 1061 590 1109 pastos
609 1059 682 1096 illis
703 1072 811 1109 egere
830 1059 960 1096 diebus

267 1113 435 1163 Frigida,
454 1112 620 1162 Daphni,
639 1112 753 1150 boves
773 1112 820 1149 ad
838 1112 1015 1157 flumina3
1042 1111 1147 1148 nulla
1165 1124 1284 1160 neque
1303 1123 1452 1147 amnem

266 1165 421 1203 Libavit
441 1165 660 1215 quadrupes,
679 1179 748 1203 nec
767 1165 947 1215 graminis
966 1164 1099 1214 attigit
1117 1164 1284 1201 herbam.

266 1219 433 1269 Daphni,
451 1222 564 1256 tuum
583 1219 721 1256 Poenos
741 1219 856 1256 etiam
873 1218 1101 1269 ingemuisse
1117 1218 1243 1254 leones

267 1272 488 1317 Interitum,
506 1273 729 1322 montesque
748 1272 817 1310 feri
835 1272 1010 1322 silvaeque
1028 1271 1249 1321 loquuntur.

268 1325 443 1376 Daphnis
463 1327 501 1362 et
521 1325 720 1362 Armenias
740 1339 851 1362 curru
870 1325 1095 1375 subjungere
1113 1324 1232 1374 tigres

269 1379 449 1416 Instituit
466 1395 474 1425 3
501 1378 675 1428 Daphnis
694 1378 839 1416 thiasos
858 1378 1034 1415 inducere
1054 1377 1208 1423 Bacchi,

268 1432 324 1469 Et
343 1432 440 1469 foliis
458 1432 581 1469 lentas
599 1431 766 1469 intexere
784 1431 961 1469 mollibus
979 1431 1121 1468 hastas.

269 1485 371 1522 Vitis
388 1487 433 1522 ut
453 1485 645 1522 arboribus
664 1485 788 1523 decori
806 1487 875 1531 est,
894 1487 939 1522 ut
957 1484 1100 1522 vitibus
1119 1497 1213 1529 uvae,

270 1538 328 1575 Ut
347 1538 523 1588 gregibus
541 1538 653 1584 tauri,
673 1540 817 1589 segetes
836 1540 881 1575 ut
900 1538 1103 1588 pinguibus
1123 1537 1242 1574 arvis:

271 1591 332 1628 Tu
350 1591 461 1628 decus
480 1605 591 1628 omne
608 1591 699 1628 tuis.
754 1591 964 1642 Postquam
982 1594 1022 1628 te
1040 1591 1119 1628 fata
1136 1591 1321 1635 tulerunt,

272 1643 363 1693 Ipsa
381 1644 489 1681 Pales
509 1658 617 1694 agros
636 1647 749 1694 atque
767 1645 846 1694 ipse
864 1644 1016 1694 reliquit
1035 1644 1183 1693 Apollo.

273 1697 441 1733 Grandia
459 1711 554 1747 saepe
573 1697 706 1747 quibus
725 1698 987 1735 mandavimus
1006 1697 1146 1734 hordea
1165 1696 1288 1742 sulcis,

273 1749 413 1787 Infelix
430 1750 561 1787 lolium
580 1752 618 1787 et
638 1751 781 1788 steriles
800 1753 1007 1788 nascuntur
1027 1763 1174 1796 avenae;

274 1803 350 1840 Pro
368 1803 474 1840 molli
492 1803 601 1849 viola,
620 1817 687 1853 pro
705 1817 891 1854 purpureo
910 1803 1074 1841 narcisso

275 1855 445 1893 Carduus
465 1858 504 1893 et
523 1856 638 1906 spinis
659 1857 781 1907 surgit
799 1857 965 1907 paliurus
985 1856 1117 1894 acutis.

274 1909 449 1959 Spargite
466 1909 627 1946 humum
645 1910 754 1956 foliis,
773 1910 941 1948 inducite
959 1909 1128 1948 fontibus
1147 1909 1311 1955 umbras,

273 1961 462 2004 Pastores,
481 1963 637 2000 mandat
656 1964 736 2001 fieri
755 1963 826 2001 sibi
843 1963 935 2000 tah'a
953 1963 1126 2013 Daphnis
1141 1979 1148 2008 3

272 2015 329 2053 Et-
347 2016 539 2052 tumulum
557 2016 680 2062 facite,
700 2019 739 2055 et
757 2017 907 2054 tumulo
926 2016 1165 2067 superaddite
1184 2027 1333 2052 carmen
1348 2031 1355 2051 :

273 2068 448 2118 Daphnis
467 2083 536 2119 ego
555 2069 595 2106 in
614 2069 728 2116 silvis,
747 2070 835 2107 hinc
854 2083 971 2120 usque
991 2070 1038 2107 ad
1057 2069 1177 2106 sidera
1194 2070 1320 2115 notus,

274 2121 448 2160 Formosi
466 2123 609 2172 pecoris
628 2125 766 2170 custos,
786 2123 984 2161 formosior
1002 2123 1092 2172 ipse.

326 2175 440 2212 ΜΕΝ.
470 2176 560 2213 Tale
578 2178 690 2213 tuum
709 2190 858 2214 carmen
875 2176 996 2222 nobis,
1017 2176 1142 2213 divine
1159 2177 1286 2225 poeta,

273 2228 391 2274 Quale
410 2242 519 2279 sopor
538 2229 642 2267 fessis
661 2230 701 2267 in
720 2230 900 2280 gramine,
921 2230 1028 2280 quale
1046 2243 1112 2279 per
1131 2231 1268 2266 aestum

272 2281 407 2319 Dulcis
426 2295 530 2332 aquae
549 2283 704 2320 saliente
723 2283 829 2320 sitim
846 2283 1080 2333 restinguere
1098 2282 1201 2327 rivo;

273 2334 356 2372 Nec
376 2335 526 2372 calamis
546 2336 667 2373 solum
686 2337 902 2387 aequiparas,
922 2337 988 2373 sed
1005 2349 1095 2373 voce
1114 2335 1353 2385 magistrum.

273 2387 486 2426 Fortunate
505 2402 607 2439 puer,
626 2391 673 2426 tu
690 2404 791 2427 nunc
811 2389 882 2427 eris
901 2389 996 2427 alter
1015 2390 1061 2426 ab
1079 2389 1156 2426 illo.

273 2440 357 2477 Nos
376 2443 505 2479 tamen
524 2442 603 2480 haec
623 2456 858 2493 quocumque
876 2443 989 2480 modo
1007 2442 1080 2480 tibi
1099 2443 1229 2479 nostra
1246 2440 1412 2478 vicissim

275 2493 466 2541 Dicemus,
486 2495 742 2546 Daphninque
761 2498 873 2533 tuum
890 2496 1067 2534 tollemus
1087 2496 1135 2532 ad
1153 2497 1276 2540 astra3

275 2545 458 2596 Daphnin
477 2548 524 2585 ad
543 2551 644 2586 astra
662 2550 844 2586 feremus:
874 2549 1016 2586 amavit
1035 2562 1103 2586 nos
1123 2561 1271 2599 quoque
1290 2547 1476 2597 Daphnis.

328 2599 439 2639 MOP.
467 2602 531 2638 An
550 2602 755 2652 quidquam
772 2602 880 2640 nobis
899 2602 968 2640 tali
987 2602 1037 2640 sit
1056 2615 1210 2639 munere
1229 2600 1380 2651 majus?
