1674 2775
623 101 814 129 AENEIDos
834 102 916 129 Lm.
936 102 994 130 x1.
1367 93 1446 131 369

165 197 244 235 Tot
263 196 428 248 Phrygii
446 195 612 235 cecidere
630 197 714 235 viri.
771 197 913 235 Procul
931 197 1105 249 Ornytus
1124 198 1240 236 armis

166 250 320 301 Ignotis
339 253 378 288 et
397 264 495 300 equo
514 253 674 289 venator
693 251 840 302 Iapyge
858 251 1001 298 fertum

165 303 239 342 Cui
257 304 364 354 pellis
383 305 481 342 latos
500 304 679 342 humeros
698 308 829 355 erepta
841 305 1005 356 juvenco

166 357 383 409 Pugnatori
401 358 547 409 operit3
575 360 691 409 caput
709 358 845 409 ingens
864 359 939 396 oris
957 359 1087 397 hiatus

165 411 222 449 Et
240 411 347 449 malae
366 414 493 450 texere
512 411 593 462 lupi
612 425 700 449 cum
719 412 898 450 dentibus
918 413 1023 460 albis,

165 465 417 515 Agrestisque
436 479 570 503 manus
590 467 714 503 armat
734 479 878 516 sparus.
935 466 1025 516 Ipse
1044 466 1204 504 catervis

164 518 342 556 Vertitur
360 519 400 556 in
419 519 564 565 mediis,
583 522 623 557 et
642 522 728 557 toto
748 520 889 558 vertice
907 533 1022 570 supra
1039 522 1110 558 est.

165 572 285 610 Hunc
304 572 370 610 illa
387 575 600 623 exceptum,
620 586 742 623 neque
761 573 863 611 enim
882 573 988 611 labor
1007 574 1159 624 agmine
1178 586 1297 619 verso,

163 626 335 677 Trajicit,
355 629 394 664 et
413 640 525 677 super
543 626 625 664 haec
644 626 798 664 inimico
818 629 969 677 pectore
988 627 1114 666 fatur:

165 682 186 699 “
200 679 312 717 Silvis
331 684 382 727 te,
404 680 612 731 Tyrrheue,
632 680 728 718 feras
748 680 893 730 agitare
912 681 1092 731 putasti?

163 733 334 771 Advenit
354 734 419 783 qui
438 736 566 771 vestra
585 734 664 771 dies
683 734 932 772 muliebribus
953 734 1068 771 armis

163 787 291 825 Verba
308 787 557 838 redarguerit.
613 787 768 825 Nomen
787 790 917 825 tamen
937 788 1041 826 haud
1061 788 1142 826 leve
1161 791 1313 838 patrum

164 840 347 878 Manibus
365 841 438 879 hoc
458 841 605 887 referes,
625 841 702 879 telo
722 841 900 879 cecidisse
920 841 1130 879 Camillae.”

164 893 354 932 Protenus
375 894 616 932 Orsilochum
635 897 674 932 et
694 895 836 941 Buten,
856 895 930 933 duo
949 895 1115 933 maxima
1134 895 1323 933 Teucrum

163 947 352 998 Corpora:
382 949 447 986 sed
467 948 596 986 Buten
617 962 791 986 aversum
811 949 964 999 cuspide
983 949 1068 986 fixit

163 1001 340 1040 Loricam
359 1002 580 1053 galeamque
599 1002 710 1049 inter,
731 1016 805 1053 qua
823 1003 920 1040 00113
937 1003 1103 1041 sedentis

163 1055 326 1101 Lucerna,
345 1059 385 1094 et
404 1056 499 1094 laevo
519 1056 706 1106 dependet
725 1070 856 1107 parma
873 1057 1037 1103 lacert03

163 1109 417 1157 Orsilochum,
437 1109 586 1160 fugiens
605 1123 864 1160 magnumque
883 1110 1031 1161 agitata
1049 1123 1116 1160 per
1136 1109 1278 1154 orbem,

163 1163 300 1201 Eludit
319 1177 415 1214 gyro
435 1163 603 1209 interior,
623 1164 869 1214 sequiturque
888 1166 1132 1215 sequentem3

161 1216 265 1254 Tum
283 1217 446 1255 validam
467 1230 607 1268 perque
626 1231 731 1255 arma
749 1218 831 1255 viro
850 1232 989 1269 perque
1009 1231 1093 1255 ossa
1112 1216 1285 1261 securim,

161 1270 292 1308 Altior
309 1284 527 1321 exsurgens,
547 1271 673 1308 oranti
692 1274 731 1308 et
749 1271 873 1309 multa
891 1272 1062 1322 precanti

161 1323 439 1375 Congeminat:
468 1324 607 1362 vulnus
627 1324 747 1362 calido
765 1325 868 1376 rigat
887 1339 952 1363 ora
970 1326 1133 1364 cerebro.

162 1377 308 1416 Incidit
326 1378 426 1425 huic,
446 1378 650 1428 subitoque
670 1382 826 1429 aspectu
844 1380 1003 1417 territus
1022 1379 1134 1417 haesit

161 1431 472 1482 Appenninicolae
490 1432 652 1470 bellator
671 1433 771 1470 filius
791 1434 908 1479 Auni,

162 1484 283 1523 Haud
301 1485 490 1536 Ligurum
509 1488 713 1533 extremus,
733 1487 825 1524 dum
843 1487 971 1525 fallere
991 1487 1071 1524 fata
1089 1485 1275 1523 sinebant.

163 1538 290 1589 Isque,
309 1540 376 1577 ubi
395 1553 434 1577 se
452 1540 557 1577 nullo
571 1540 654 1591 jam
673 1554 785 1578 cursu
804 1541 960 1578 evadere
978 1553 1119 1591 pugnae

162 1592 292 1639 Posse,
311 1607 433 1643 neque
451 1593 662 1631 instantem
681 1594 852 1644 reginam
872 1597 1040 1632 avertere
1060 1592 1192 1639 cernit,

160 1645 329 1684 Consilio
348 1660 496 1685 versare
516 1647 621 1685 dolos
641 1647 833 1698 ingressus
853 1650 892 1686 et
912 1650 1011 1693 astu,

161 1698 306 1750 Incipit
325 1700 427 1738 haec:
458 1703 478 1720 “
495 1701 598 1748 Quid
616 1703 698 1739 tam
717 1701 925 1753 egregium,
946 1703 977 1739 si
997 1701 1138 1739 femina
1155 1699 1247 1737 forti

161 1752 268 1791 Fidis
288 1753 415 1803 equo?
444 1754 598 1793 dimitte
616 1755 760 1806 fugam,
780 1759 820 1794 et
839 1758 878 1794 te
898 1756 1069 1793 cominus
1088 1767 1197 1804 aequo

159 1806 317 1845 Mecum
337 1808 445 1845 crede
464 1808 556 1855 solo,
575 1823 791 1860 pugnaeque
810 1809 963 1860 accinge
982 1808 1171 1860 pedestri3

158 1860 188 1898 J
190 1874 252 1898 am
270 1874 413 1907 1105005,
432 1864 592 1900 ventosa
610 1863 707 1901 ferat
727 1863 788 1900 cui
806 1864 928 1914 gloria
945 1862 1136 1901 laudem.’'

160 1914 294 1953 Dixit:
323 1917 364 1952 at
383 1915 449 1953 1113
467 1916 606 1962 furens,
625 1916 775 1967 acrique
794 1931 951 1955 accensa
968 1917 1108 1955 dolore.

157 1968 295 2006 Tradit
315 1982 455 2019 equum
474 1970 617 2018 comiti,
636 1970 865 2021 paribusque
882 1971 1028 2009 resistit
1047 1970 1088 2008 in
1107 1969 1233 2015 armis,

157 2021 262 2060 Ense
281 2023 394 2073 pedes
413 2023 528 2070 nudo,
548 2037 718 2074 puraque
735 2024 913 2062 interrita
930 2037 1074 2075 parma.

157 2075 214 2113 At
227 2075 391 2126 juveniS‚
411 2077 545 2115 vicisse
564 2078 650 2116 dolo
668 2080 787 2125 1313115,
807 2079 934 2117 avolat
951 2079 1044 2129 ipse,

157 2129 278 2167 Haud
297 2143 414 2178 mora,
434 2131 696 2182 conversisque
714 2132 832 2183 fugax
850 2132 1020 2171 aufertur
1037 2131 1206 2177 habenis,

158 2182 524 2235 Quadrupedemque
543 2185 664 2223 citum
681 2186 824 2224 ferrata
842 2186 941 2225 calce
960 2186 1113 2237 fatigat.

158 2239 179 2256 ‘⁶
196 2236 303 2275 Vane
322 2237 455 2289 Ligus,
475 2239 691 2290 frustraque
710 2240 846 2278 animis
867 2241 964 2279 elate
983 2239 1165 2291 superbis,

157 2289 428 2341 Nequidquam
447 2293 589 2343 patrias
608 2294 769 2332 tentasti
789 2294 956 2332 lubricus
976 2297 1099 2340 artes;

157 2343 241 2382 Nec
259 2344 361 2382 fraus
379 2347 420 2384 te
438 2346 668 2386 incolumem
685 2348 810 2386 fallaci
827 2348 990 2399 perferet
1009 2346 1164 2385 Aun0.’'

158 2396 254 2434 Haec
274 2398 376 2436 fatur
394 2400 514 2451 virgo,
534 2403 573 2439 013
591 2401 806 2452 pernicibus
824 2402 937 2453 ignea
954 2401 1097 2452 plantis

156 2449 314 2489 Transit
333 2465 472 2503 equum
491 2468 614 2502 cursu,
634 2455 824 2506 frenisque
844 2456 1001 2493 adversa
1019 2453 1215 2506 prehensis

158 2502 415 2555 Congreditur
432 2521 637 2559 poenasque
655 2509 810 2547 inimico
829 2523 875 2547 ex
894 2510 1078 2560 sanguine
1097 2507 1227 2547 sumit.

156 2557 283 2604 Quam
300 2559 409 2598 facile
428 2561 606 2612 accipiter
626 2576 714 2600 saxo
734 2576 837 2601 sacer
855 2563 931 2601 ales
951 2564 998 2601 ab
1018 2563 1096 2601 alto

157 2610 414 2664 Consequitur
432 2615 565 2666 pennis
585 2616 792 2709 5111011111οῐῐέ
804 2616 845 2654 111
862 2618 964 2656 nube
983 2616 1210 2662 columbam,

821 2682 847 2709 Β
