1705 2744
259 95 338 131 224
667 103 702 130 Ρ.
722 102 909 130 1711101111
928 102 1116 130 1111101115

261 199 303 236 It
323 211 458 245 comes,
477 199 516 236 et
534 196 687 248 paribus
707 197 805 235 curis
824 196 986 248 vestig-ia
1003 197 1102 248 figit.

261 251 393 289 Multa
409 251 511 288 inter
529 264 608 288 sese
626 250 730 288 vario
749 264 919 288 sermone
938 251 1112 288 serebant
1129 266 1137 297 3

261 305 384 351 Quem
404 304 548 342 socium
567 304 777 341 exanimem
795 306 912 350 vates,
932 304 1034 354 quod
1052 317 1187 354 corpus
1206 304 1444 342 humandum

260 357 426 395 Diceret.
483 357 612 406 Atque
630 356 685 393 ffli
704 357 898 394 Misenum
916 356 957 394 in
973 356 1084 394 litore
1103 357 1212 403 sicco,

261 410 319 447 Ut
339 423 482 456 venere,
500 409 632 446 vident
649 409 807 460 indigna
824 411 946 447 morte
964 412 1246 459 peremtum,—

261 463 457 501 Misenum
476 462 649 500 AEoliden
664 479 672 500 :
701 476 776 513 quo
794 476 872 500 non
889 462 1134 513 praestantior
1152 463 1248 500 alter

262 1524 353 1564 AEre
371 1524 466 1564 ciere
484 1524 596 1573 viros,
616 1524 859 1576 Martemque
878 1525 1077 1564 accendere
1096 1529 1224 1565 cantu.

261 1579 442 1617 Hectoris
460 1580 522 1617 hic
540 1579 670 1630 magni
688 1579 812 1617 fuerat
831 1592 954 1617 comes
969 1596 977 1625 ;
1006 1580 1178 1618 Hectora
1196 1580 1339 1618 circum

261 1631 317 1670 Et
335 1633 432 1670 lituo
451 1646 597 1682 pugnas
615 1632 774 1683 insignis
794 1632 923 1670 obibat
942 1635 981 1670 et
999 1632 1122 1670 hasta.

262 1685 475 1736 Postquam
493 1685 603 1722 illum
621 1685 702 1723 vita
719 1685 842 1723 victor
861 1685 1036 1735 spoiiavit
1054 1685 1235 1733 Achilles,

260 1738 455 1776 Dardanio
475 1738 608 1776 AEneae
628 1751 707 1776 sese
725 1738 955 1776 fortissimus
973 1739 1085 1777 heros

260 1792 471 1829 Addiderat
491 1792 646 1838 socium,
666 1805 743 1829 non
761 1791 937 1829 inferiora
955 1794 1121 1830 secutus.

261 1844 336 1882 Sed
353 1847 452 1891 tum,
471 1845 569 1882 forte
588 1857 679 1882 cava
697 1845 790 1882 dum
807 1847 984 1895 personat
1003 1858 1154 1896 aequora
1171 1844 1315 1883 concha

261 1897 440 1945 Demens,
460 1900 499 1935 et
518 1900 636 1936 cantu
653 1897 792 1936 vocat
783 1911 824 1935 m
842 1898 1049 1936 certamina
1066 1898 1185 1945 divos,

261 1950 440 1987 AEmulus
459 1953 660 2001 exceptum
678 1951 827 1998 Triton,
847 1951 879 1989 si
898 1951 1046 1989 credere
1065 1951 1227 2002 dignum
1245 1952 1316 1997 est,

262 2002 373 2041 Inter
391 2017 479 2041 saxa
495 2004 622 2041 virum
640 2017 818 2064 spumosa
836 2004 1072 2042 immerserat
1090 2004 1204 2041 unda.

261 2056 368 2106 Ergo
388 2069 516 2094 omnes
537 2070 675 2106 magno
695 2057 748 2094 011·
750 2071 837 2094 011111
856 2057 1019 2095 clamore
1037 2057 1272 2103 fremebant3

262 2108 457 2159 Praecipuc
475 2109 561 2158 pius
580 2108 733 2147 AEneas.
789 2110 919 2146 Tum
903 2123 1011 2160 ¹Jussa
1030 2110 1194 2160 Sibyllae,

261 2161 383 2199 Haud
400 2175 517 2208 mora,
535 2162 719 2200 festinant
738 2161 884 2209 flentes,
903 2175 1082 2212 aramque
1100 2161 1262 2212 sepulcri

263 2214 472 2266 Congererc
491 2214 697 2261 arboribus,
717 2215 884 2265 coeloque
903 2214 1059 2253 educere
1077 2216 1238 2253 certant.

262 2267 352 2305 Itur
369 2268 409 2305 in
427 2268 623 2318 antiquam
642 2268 787 2314 silvam,
808 2268 958 2306 stabula
977 2268 1055 2306 alta
1072 2268 1239 2306 ferarum
1254 2284 1262 2305 :

261 2321 526 2359 Procumbunt
545 2321 679 2370 piceae3
708 2323 817 2358 sonat
835 2321 914 2359 icta
932 2321 1126 2359 securibus
1145 2321 1242 2368 ilcx3

262 2374 536 2425 Fraxineaeque
554 2374 679 2412 trabes
699 2374 826 2412 cuneis
845 2375 885 2412 et
902 2374 1015 2412 fissile
1033 2375 1149 2412 robur

261 2427 458 2465 Scinditur
474 2443 482 2473 ;
511 2427 719 2465 advolvunt
737 2427 912 2478 ingentes
932 2427 1128 2465 montibus
1148 2440 1271 2465 ornos.

260 2480 344 2518 Nec
363 2494 440 2518 non
458 2480 597 2518 AEneas
617 2493 729 2530 opera
745 2480 846 2518 inter
863 2480 957 2518 talia
974 2481 1120 2531 primus

261 2533 456 2571 Hortatur
475 2533 605 2579 socios,
623 2533 852 2584 paribusque
871 2533 1085 2584 accingitur
1103 2533 1217 2572 armis
1235 2549 1243 2570 ε

260 2587 390 2637 Atque
408 2587 488 2624 haec
506 2586 585 2637 ipse
604 2599 672 2625 suo
690 2586 795 2625 tristi
813 2600 901 2625 oum
919 2587 1029 2625 corde
1047 2587 1209 2632 volutat,
