<?xml version="1.0" encoding="UTF-8"?>
<!DOCTYPE html PUBLIC "-//W3C//DTD XHTML 1.0 Transitional//EN"
    "http://www.w3.org/TR/xhtml1/DTD/xhtml1-transitional.dtd">
<html xmlns="http://www.w3.org/1999/xhtml" xml:lang="en" lang="en">
 <head>
  <title>
</title>
<meta http-equiv="Content-Type" content="text/html;charset=utf-8" />
  <meta name='ocr-system' content='tesseract 3.04.00' />
  <meta name='ocr-capabilities' content='ocr_page ocr_carea ocr_par ocr_line ocrx_word'/>
</head>
<body>
  <div class='ocr_page' id='page_1' title='image "./worksfromtextofh00virguoft_0349.png"; bbox 0 0 1674 2775; ppageno 0'>
   <div class='ocr_carea' id='block_1_1' title="bbox 602 103 973 130">
    <p class='ocr_par' dir='ltr' id='par_1_1' title="bbox 602 103 973 130">
     <span class='ocr_line' id='line_1_1' title="bbox 602 103 973 130; baseline 0.003 -1"><span class='ocrx_word' id='word_1_1' title='bbox 602 103 792 130; x_wconf 79' lang='lat' dir='ltr'>AENEIDOS</span> <span class='ocrx_word' id='word_1_2' title='bbox 812 103 895 130; x_wconf 84' lang='lat' dir='ltr'>LIB.</span> <span class='ocrx_word' id='word_1_3' title='bbox 916 104 973 130; x_wconf 83' lang='lat' dir='ltr'>Ix.</span> 
     </span>
    </p>
   </div>
   <div class='ocr_carea' id='block_1_2' title="bbox 150 198 1230 677">
    <p class='ocr_par' dir='ltr' id='par_1_2' title="bbox 151 198 1230 409">
     <span class='ocr_line' id='line_1_2' title="bbox 152 198 1112 248; baseline -0.001 -12"><span class='ocrx_word' id='word_1_4' title='bbox 152 198 366 246; x_wconf 80' lang='lat' dir='ltr'>Quaesitum</span> <span class='ocrx_word' id='word_1_5' title='bbox 385 200 452 235; x_wconf 85' lang='lat' dir='ltr'>aut</span> <span class='ocrx_word' id='word_1_6' title='bbox 471 198 588 236; x_wconf 82' lang='lat' dir='ltr'>matri</span> <span class='ocrx_word' id='word_1_7' title='bbox 606 198 740 236; x_wconf 88' lang='lat' dir='ltr'>multis</span> <span class='ocrx_word' id='word_1_8' title='bbox 758 199 949 237; x_wconf 84' lang='lat' dir='ltr'>balatibus</span> <span class='ocrx_word' id='word_1_9' title='bbox 969 212 1112 248; x_wconf 82' lang='lat' dir='ltr'>agnum</span> 
     </span>
     <span class='ocr_line' id='line_1_3' title="bbox 151 252 1230 302; baseline 0.001 -13"><span class='ocrx_word' id='word_1_10' title='bbox 151 252 320 289; x_wconf 83' lang='lat' dir='ltr'>Martius</span> <span class='ocrx_word' id='word_1_11' title='bbox 339 266 362 290; x_wconf 84' lang='lat' dir='ltr'>a</span> <span class='ocrx_word' id='word_1_12' title='bbox 380 252 540 289; x_wconf 87' lang='lat' dir='ltr'>stabulis</span> <span class='ocrx_word' id='word_1_13' title='bbox 559 252 687 302; x_wconf 79' lang='lat' dir='ltr'>rapuit</span> <span class='ocrx_word' id='word_1_14' title='bbox 706 252 831 302; x_wconf 89' lang='lat' dir='ltr'>lupus.</span> <span class='ocrx_word' id='word_1_15' title='bbox 888 252 1067 301; x_wconf 81' lang='lat' dir='ltr'>Undique</span> <span class='ocrx_word' id='word_1_16' title='bbox 1088 252 1230 290; x_wconf 81' lang='lat' dir='ltr'>clamor</span> 
     </span>
     <span class='ocr_line' id='line_1_4' title="bbox 151 305 1184 355; baseline 0 -13"><span class='ocrx_word' id='word_1_17' title='bbox 151 305 329 343; x_wconf 84' lang='lat' dir='ltr'>Tollitur.</span> <span class='ocrx_word' id='word_1_18' title='bbox 386 305 595 352; x_wconf 79' lang='lat' dir='ltr'>Invadunt,</span> <span class='ocrx_word' id='word_1_19' title='bbox 617 307 655 342; x_wconf 89' lang='lat' dir='ltr'>et</span> <span class='ocrx_word' id='word_1_20' title='bbox 674 305 792 343; x_wconf 82' lang='lat' dir='ltr'>fossas</span> <span class='ocrx_word' id='word_1_21' title='bbox 812 318 950 355; x_wconf 79' lang='lat' dir='ltr'>aggere</span> <span class='ocrx_word' id='word_1_22' title='bbox 969 306 1184 355; x_wconf 83' lang='lat' dir='ltr'>complent3</span> 
     </span>
     <span class='ocr_line' id='line_1_5' title="bbox 152 358 982 409; baseline -0.001 -13"><span class='ocrx_word' id='word_1_23' title='bbox 152 358 344 396; x_wconf 86' lang='lat' dir='ltr'>Ardentes</span> <span class='ocrx_word' id='word_1_24' title='bbox 362 359 480 396; x_wconf 82' lang='lat' dir='ltr'>taedas</span> <span class='ocrx_word' id='word_1_25' title='bbox 501 359 565 396; x_wconf 84' lang='lat' dir='ltr'>alii</span> <span class='ocrx_word' id='word_1_26' title='bbox 584 359 632 396; x_wconf 86' lang='lat' dir='ltr'>ad</span> <span class='ocrx_word' id='word_1_27' title='bbox 650 358 806 409; x_wconf 81' lang='lat' dir='ltr'>fastigia</span> <span class='ocrx_word' id='word_1_28' title='bbox 818 359 982 409; x_wconf 77' lang='lat' dir='ltr'>jactant.</span> 
     </span>
    </p>

    <p class='ocr_par' dir='ltr' id='par_1_3' title="bbox 150 411 1179 677">
     <span class='ocr_line' id='line_1_6' title="bbox 151 411 1097 462; baseline 0 -14"><span class='ocrx_word' id='word_1_29' title='bbox 151 411 322 450; x_wconf 77' lang='lat' dir='ltr'>Ilioneus</span> <span class='ocrx_word' id='word_1_30' title='bbox 342 426 431 450; x_wconf 82' lang='lat' dir='ltr'>saxo</span> <span class='ocrx_word' id='word_1_31' title='bbox 450 414 565 462; x_wconf 84' lang='lat' dir='ltr'>atque</span> <span class='ocrx_word' id='word_1_32' title='bbox 579 412 729 462; x_wconf 86' lang='lat' dir='ltr'>ingenti</span> <span class='ocrx_word' id='word_1_33' title='bbox 748 412 935 462; x_wconf 77' lang='lat' dir='ltr'>fragmine</span> <span class='ocrx_word' id='word_1_34' title='bbox 953 411 1097 449; x_wconf 85' lang='lat' dir='ltr'>montis</span> 
     </span>
     <span class='ocr_line' id='line_1_7' title="bbox 150 464 1179 516; baseline -0.001 -13"><span class='ocrx_word' id='word_1_35' title='bbox 150 464 369 513; x_wconf 83' lang='lat' dir='ltr'>Lucetium,</span> <span class='ocrx_word' id='word_1_36' title='bbox 387 468 509 516; x_wconf 87' lang='lat' dir='ltr'>portae</span> <span class='ocrx_word' id='word_1_37' title='bbox 528 466 754 503; x_wconf 86' lang='lat' dir='ltr'>subeuntem</span> <span class='ocrx_word' id='word_1_38' title='bbox 772 465 953 516; x_wconf 88' lang='lat' dir='ltr'>ignesque</span> <span class='ocrx_word' id='word_1_39' title='bbox 972 466 1156 503; x_wconf 85' lang='lat' dir='ltr'>ferentem</span> <span class='ocrx_word' id='word_1_40' title='bbox 1171 482 1179 512; x_wconf 83' lang='lat'><em>3</em></span> 
     </span>
     <span class='ocr_line' id='line_1_8' title="bbox 151 518 1170 570; baseline 0 -14"><span class='ocrx_word' id='word_1_41' title='bbox 151 518 389 557; x_wconf 82' lang='lat' dir='ltr'>Emathiona</span> <span class='ocrx_word' id='word_1_42' title='bbox 408 519 535 570; x_wconf 81' lang='lat' dir='ltr'>Liger,</span> <span class='ocrx_word' id='word_1_43' title='bbox 556 519 787 570; x_wconf 81' lang='lat' dir='ltr'>Corynaeum</span> <span class='ocrx_word' id='word_1_44' title='bbox 807 519 946 556; x_wconf 85' lang='lat' dir='ltr'>sternit</span> <span class='ocrx_word' id='word_1_45' title='bbox 965 519 1170 568; x_wconf 72' lang='lat' dir='ltr'>Asylas,—-</span> 
     </span>
     <span class='ocr_line' id='line_1_9' title="bbox 151 571 1091 623; baseline 0 -14"><span class='ocrx_word' id='word_1_46' title='bbox 151 572 231 609; x_wconf 79' lang='lat' dir='ltr'>Hie</span> <span class='ocrx_word' id='word_1_47' title='bbox 244 571 371 622; x_wconf 77' lang='lat' dir='ltr'>jaculo</span> <span class='ocrx_word' id='word_1_48' title='bbox 389 573 523 619; x_wconf 86' lang='lat' dir='ltr'>bonus,</span> <span class='ocrx_word' id='word_1_49' title='bbox 542 573 605 610; x_wconf 85' lang='lat' dir='ltr'>hio</span> <span class='ocrx_word' id='word_1_50' title='bbox 624 573 735 623; x_wconf 85' lang='lat' dir='ltr'>longe</span> <span class='ocrx_word' id='word_1_51' title='bbox 754 573 907 610; x_wconf 82' lang='lat' dir='ltr'>fallente</span> <span class='ocrx_word' id='word_1_52' title='bbox 928 572 1091 622; x_wconf 82' lang='lat' dir='ltr'>sagitta:</span> 
     </span>
     <span class='ocr_line' id='line_1_10' title="bbox 153 625 1108 677; baseline -0.001 -14"><span class='ocrx_word' id='word_1_53' title='bbox 153 625 364 677; x_wconf 86' lang='lat' dir='ltr'>Ortygium</span> <span class='ocrx_word' id='word_1_54' title='bbox 384 626 551 673; x_wconf 82' lang='lat' dir='ltr'>Caeneus,</span> <span class='ocrx_word' id='word_1_55' title='bbox 571 626 755 664; x_wconf 81' lang='lat' dir='ltr'>victorem</span> <span class='ocrx_word' id='word_1_56' title='bbox 777 626 915 663; x_wconf 82' lang='lat' dir='ltr'>Caenea</span> <span class='ocrx_word' id='word_1_57' title='bbox 934 625 1085 662; x_wconf 86' lang='lat' dir='ltr'>Turnus</span> <span class='ocrx_word' id='word_1_58' title='bbox 1101 642 1108 672; x_wconf 90' lang='lat'>;</span> 
     </span>
    </p>
   </div>
   <div class='ocr_carea' id='block_1_3' title="bbox 152 678 1303 730">
    <p class='ocr_par' dir='ltr' id='par_1_4' title="bbox 152 678 1303 730">
     <span class='ocr_line' id='line_1_11' title="bbox 152 678 1303 730; baseline 0.001 -14"><span class='ocrx_word' id='word_1_59' title='bbox 152 679 305 717; x_wconf 83' lang='lat' dir='ltr'>Turnus</span> <span class='ocrx_word' id='word_1_60' title='bbox 325 679 435 730; x_wconf 81' lang='lat' dir='ltr'>Itym</span> <span class='ocrx_word' id='word_1_61' title='bbox 455 679 716 730; x_wconf 80' lang='lat' dir='ltr'>Cloniumque,</span> <span class='ocrx_word' id='word_1_62' title='bbox 737 679 972 729; x_wconf 79' lang='lat' dir='ltr'>Dioxippum</span> <span class='ocrx_word' id='word_1_63' title='bbox 992 678 1303 729; x_wconf 74' lang='lat' dir='ltr'>Promolumque,</span> 
     </span>
    </p>
   </div>
   <div class='ocr_carea' id='block_1_4' title="bbox 150 732 1293 1105">
    <p class='ocr_par' dir='ltr' id='par_1_5' title="bbox 151 732 1293 891">
     <span class='ocr_line' id='line_1_12' title="bbox 151 732 1257 784; baseline 0 -15"><span class='ocrx_word' id='word_1_64' title='bbox 151 732 208 770; x_wconf 86' lang='lat' dir='ltr'>Et</span> <span class='ocrx_word' id='word_1_65' title='bbox 228 733 413 784; x_wconf 78' lang='lat' dir='ltr'>Sagarim,</span> <span class='ocrx_word' id='word_1_66' title='bbox 433 737 472 771; x_wconf 89' lang='lat' dir='ltr'>et</span> <span class='ocrx_word' id='word_1_67' title='bbox 492 733 650 770; x_wconf 86' lang='lat' dir='ltr'>summis</span> <span class='ocrx_word' id='word_1_68' title='bbox 670 735 838 770; x_wconf 86' lang='lat' dir='ltr'>stantem</span> <span class='ocrx_word' id='word_1_69' title='bbox 857 746 926 782; x_wconf 84' lang='lat' dir='ltr'>pro</span> <span class='ocrx_word' id='word_1_70' title='bbox 945 733 1115 770; x_wconf 87' lang='lat' dir='ltr'>turribus</span> <span class='ocrx_word' id='word_1_71' title='bbox 1137 732 1233 770; x_wconf 81' lang='lat' dir='ltr'>Idan</span> <span class='ocrx_word' id='word_1_72' title='bbox 1250 750 1257 779; x_wconf 82' lang='lat'>3</span> 
     </span>
     <span class='ocr_line' id='line_1_13' title="bbox 151 785 1293 837; baseline 0.001 -14"><span class='ocrx_word' id='word_1_73' title='bbox 151 785 381 824; x_wconf 86' lang='lat' dir='ltr'>Privernum</span> <span class='ocrx_word' id='word_1_74' title='bbox 401 786 538 837; x_wconf 76' lang='lat' dir='ltr'>Capys.</span> <span class='ocrx_word' id='word_1_75' title='bbox 594 786 713 824; x_wconf 86' lang='lat' dir='ltr'>Hune</span> <span class='ocrx_word' id='word_1_76' title='bbox 733 786 855 836; x_wconf 89' lang='lat' dir='ltr'>primo</span> <span class='ocrx_word' id='word_1_77' title='bbox 875 785 968 823; x_wconf 88' lang='lat' dir='ltr'>levis</span> <span class='ocrx_word' id='word_1_78' title='bbox 988 786 1100 823; x_wconf 80' lang='lat' dir='ltr'>hasta</span> <span class='ocrx_word' id='word_1_79' title='bbox 1119 786 1151 823; x_wconf 89' lang='lat' dir='ltr'>T</span> <span class='ocrx_word' id='word_1_80' title='bbox 1155 787 1293 824; x_wconf 80' lang='lat' dir='ltr'>emillae</span> 
     </span>
     <span class='ocr_line' id='line_1_14' title="bbox 152 839 1203 891; baseline 0 -14"><span class='ocrx_word' id='word_1_81' title='bbox 152 839 389 878; x_wconf 79' lang='lat' dir='ltr'>Strinxerat:</span> <span class='ocrx_word' id='word_1_82' title='bbox 418 840 480 878; x_wconf 87' lang='lat' dir='ltr'>ille</span> <span class='ocrx_word' id='word_1_83' title='bbox 499 853 656 877; x_wconf 81' lang='lat' dir='ltr'>manum</span> <span class='ocrx_word' id='word_1_84' title='bbox 674 840 842 891; x_wconf 76' lang='lat' dir='ltr'>projecto</span> <span class='ocrx_word' id='word_1_85' title='bbox 861 839 1030 890; x_wconf 86' lang='lat' dir='ltr'>tegmine</span> <span class='ocrx_word' id='word_1_86' title='bbox 1050 840 1203 878; x_wconf 87' lang='lat' dir='ltr'>demens</span> 
     </span>
    </p>

    <p class='ocr_par' dir='ltr' id='par_1_6' title="bbox 150 893 1045 943">
     <span class='ocr_line' id='line_1_15' title="bbox 150 893 1045 943; baseline -0.001 -12"><span class='ocrx_word' id='word_1_87' title='bbox 150 893 215 931; x_wconf 87' lang='lat' dir='ltr'>Ad</span> <span class='ocrx_word' id='word_1_88' title='bbox 233 893 372 931; x_wconf 82' lang='lat' dir='ltr'>vulnus</span> <span class='ocrx_word' id='word_1_89' title='bbox 391 893 507 940; x_wconf 82' lang='lat' dir='ltr'>tulit3</span> <span class='ocrx_word' id='word_1_90' title='bbox 535 907 624 943; x_wconf 85' lang='lat' dir='ltr'>ergo</span> <span class='ocrx_word' id='word_1_91' title='bbox 645 893 712 930; x_wconf 82' lang='lat' dir='ltr'>alis</span> <span class='ocrx_word' id='word_1_92' title='bbox 732 893 873 943; x_wconf 80' lang='lat' dir='ltr'>allapsa</span> <span class='ocrx_word' id='word_1_93' title='bbox 892 893 1045 943; x_wconf 81' lang='lat' dir='ltr'>sagitta,</span> 
     </span>
    </p>

    <p class='ocr_par' dir='ltr' id='par_1_7' title="bbox 151 946 1173 1050">
     <span class='ocr_line' id='line_1_16' title="bbox 151 946 1173 996; baseline 0 -12"><span class='ocrx_word' id='word_1_94' title='bbox 151 946 208 984; x_wconf 85' lang='lat' dir='ltr'>Et</span> <span class='ocrx_word' id='word_1_95' title='bbox 226 946 321 985; x_wconf 85' lang='lat' dir='ltr'>Iaevo</span> <span class='ocrx_word' id='word_1_96' title='bbox 341 947 451 984; x_wconf 79' lang='lat' dir='ltr'>affixa</span> <span class='ocrx_word' id='word_1_97' title='bbox 469 949 528 985; x_wconf 88' lang='lat' dir='ltr'>est</span> <span class='ocrx_word' id='word_1_98' title='bbox 546 947 656 984; x_wconf 84' lang='lat' dir='ltr'>lateri</span> <span class='ocrx_word' id='word_1_99' title='bbox 675 961 824 992; x_wconf 61' lang='lat' dir='ltr'>malim,</span> <span class='ocrx_word' id='word_1_100' title='bbox 845 947 1049 996; x_wconf 80' lang='lat' dir='ltr'>abditaque</span> <span class='ocrx_word' id='word_1_101' title='bbox 1068 946 1173 984; x_wconf 79' lang='lat' dir='ltr'>intus</span> 
     </span>
     <span class='ocr_line' id='line_1_17' title="bbox 152 1000 1022 1050; baseline 0 -13"><span class='ocrx_word' id='word_1_102' title='bbox 152 1000 394 1050; x_wconf 70' lang='lat' dir='ltr'>Spitamenta</span> <span class='ocrx_word' id='word_1_103' title='bbox 412 1000 549 1038; x_wconf 83' lang='lat' dir='ltr'>animae</span> <span class='ocrx_word' id='word_1_104' title='bbox 568 1001 674 1038; x_wconf 83' lang='lat' dir='ltr'>letali</span> <span class='ocrx_word' id='word_1_105' title='bbox 692 1001 846 1038; x_wconf 86' lang='lat' dir='ltr'>vulnere</span> <span class='ocrx_word' id='word_1_106' title='bbox 865 1001 1022 1050; x_wconf 86' lang='lat' dir='ltr'>rumpit.</span> 
     </span>
    </p>

    <p class='ocr_par' dir='ltr' id='par_1_8' title="bbox 152 1053 992 1105">
     <span class='ocr_line' id='line_1_18' title="bbox 152 1053 992 1105; baseline -0.001 -13"><span class='ocrx_word' id='word_1_107' title='bbox 152 1053 290 1092; x_wconf 84' lang='lat' dir='ltr'>Stabat</span> <span class='ocrx_word' id='word_1_108' title='bbox 308 1054 349 1092; x_wconf 85' lang='lat' dir='ltr'>in</span> <span class='ocrx_word' id='word_1_109' title='bbox 368 1054 529 1105; x_wconf 82' lang='lat' dir='ltr'>egregiis</span> <span class='ocrx_word' id='word_1_110' title='bbox 547 1054 727 1092; x_wconf 83' lang='lat' dir='ltr'>Arcentis</span> <span class='ocrx_word' id='word_1_111' title='bbox 746 1054 846 1091; x_wconf 83' lang='lat' dir='ltr'>filius</span> <span class='ocrx_word' id='word_1_112' title='bbox 865 1054 992 1101; x_wconf 76' lang='lat' dir='ltr'>armis,</span> 
     </span>
    </p>
   </div>
   <div class='ocr_carea' id='block_1_5' title="bbox 582 1185 970 1936">
    <p class='ocr_par' dir='ltr' id='par_1_9' title="bbox 582 1185 970 1936">
     <span class='ocr_line' id='line_1_19' title="bbox 582 1185 970 1936; baseline 0 839"><span class='ocrx_word' id='word_1_113' title='bbox 582 1185 970 1936; x_wconf 95' lang='lat' dir='ltr'> </span> 
     </span>
    </p>
   </div>
   <div class='ocr_carea' id='block_1_6' title="bbox 148 2011 1225 2652">
    <p class='ocr_par' dir='ltr' id='par_1_10' title="bbox 149 2011 1225 2331">
     <span class='ocr_line' id='line_1_20' title="bbox 150 2011 1225 2063; baseline 0.001 -14"><span class='ocrx_word' id='word_1_114' title='bbox 150 2011 285 2049; x_wconf 83' lang='lat' dir='ltr'>Pietus</span> <span class='ocrx_word' id='word_1_115' title='bbox 305 2024 375 2049; x_wconf 84' lang='lat' dir='ltr'>acu</span> <span class='ocrx_word' id='word_1_116' title='bbox 395 2011 634 2063; x_wconf 79' lang='lat' dir='ltr'>chlamydem</span> <span class='ocrx_word' id='word_1_117' title='bbox 654 2014 693 2050; x_wconf 88' lang='lat' dir='ltr'>et</span> <span class='ocrx_word' id='word_1_118' title='bbox 713 2011 904 2063; x_wconf 82' lang='lat' dir='ltr'>ferrugine</span> <span class='ocrx_word' id='word_1_119' title='bbox 924 2012 1045 2049; x_wconf 81' lang='lat' dir='ltr'>clarus</span> <span class='ocrx_word' id='word_1_120' title='bbox 1066 2012 1225 2060; x_wconf 84' lang='lat' dir='ltr'>Hibera,</span> 
     </span>
     <span class='ocr_line' id='line_1_21' title="bbox 150 2065 1121 2116; baseline 0.001 -14"><span class='ocrx_word' id='word_1_121' title='bbox 150 2065 321 2116; x_wconf 84' lang='lat' dir='ltr'>Insignis</span> <span class='ocrx_word' id='word_1_122' title='bbox 341 2065 457 2112; x_wconf 84' lang='lat' dir='ltr'>facie3</span> <span class='ocrx_word' id='word_1_123' title='bbox 485 2066 637 2116; x_wconf 87' lang='lat' dir='ltr'>genitor</span> <span class='ocrx_word' id='word_1_124' title='bbox 657 2079 770 2116; x_wconf 87' lang='lat' dir='ltr'>quem</span> <span class='ocrx_word' id='word_1_125' title='bbox 789 2066 945 2103; x_wconf 81' lang='lat' dir='ltr'>miserat</span> <span class='ocrx_word' id='word_1_126' title='bbox 964 2066 1121 2113; x_wconf 79' lang='lat' dir='ltr'>Arcens,</span> 
     </span>
     <span class='ocr_line' id='line_1_22' title="bbox 149 2118 1010 2170; baseline 0 -14"><span class='ocrx_word' id='word_1_127' title='bbox 149 2118 348 2157; x_wconf 69' lang='lat' dir='ltr'>Eductum</span> <span class='ocrx_word' id='word_1_128' title='bbox 367 2119 502 2156; x_wconf 83' lang='lat' dir='ltr'>matris</span> <span class='ocrx_word' id='word_1_129' title='bbox 520 2120 617 2166; x_wconf 81' lang='lat' dir='ltr'>luco,</span> <span class='ocrx_word' id='word_1_130' title='bbox 638 2119 850 2170; x_wconf 81' lang='lat' dir='ltr'>Symaethia</span> <span class='ocrx_word' id='word_1_131' title='bbox 869 2119 1010 2157; x_wconf 82' lang='lat' dir='ltr'>circum</span> 
     </span>
     <span class='ocr_line' id='line_1_23' title="bbox 149 2171 1107 2223; baseline 0.001 -14"><span class='ocrx_word' id='word_1_132' title='bbox 149 2171 344 2219; x_wconf 83' lang='lat' dir='ltr'>Flumina,</span> <span class='ocrx_word' id='word_1_133' title='bbox 363 2172 517 2223; x_wconf 87' lang='lat' dir='ltr'>pinguis</span> <span class='ocrx_word' id='word_1_134' title='bbox 536 2173 603 2211; x_wconf 86' lang='lat' dir='ltr'>ubi</span> <span class='ocrx_word' id='word_1_135' title='bbox 622 2176 661 2211; x_wconf 89' lang='lat' dir='ltr'>et</span> <span class='ocrx_word' id='word_1_136' title='bbox 679 2173 873 2223; x_wconf 81' lang='lat' dir='ltr'>placabilis</span> <span class='ocrx_word' id='word_1_137' title='bbox 893 2187 957 2210; x_wconf 80' lang='lat' dir='ltr'>ara</span> <span class='ocrx_word' id='word_1_138' title='bbox 976 2173 1107 2210; x_wconf 76' lang='lat' dir='ltr'>Palici.</span> 
     </span>
     <span class='ocr_line' id='line_1_24' title="bbox 150 2225 1118 2277; baseline 0 -14"><span class='ocrx_word' id='word_1_139' title='bbox 150 2225 386 2264; x_wconf 68' lang='lat' dir='ltr'>Stridentem</span> <span class='ocrx_word' id='word_1_140' title='bbox 404 2226 573 2273; x_wconf 79' lang='lat' dir='ltr'>fundam,</span> <span class='ocrx_word' id='word_1_141' title='bbox 593 2227 727 2277; x_wconf 86' lang='lat' dir='ltr'>positis</span> <span class='ocrx_word' id='word_1_142' title='bbox 747 2227 964 2265; x_wconf 85' lang='lat' dir='ltr'>Mezentius</span> <span class='ocrx_word' id='word_1_143' title='bbox 983 2227 1118 2274; x_wconf 81' lang='lat' dir='ltr'>hastis,</span> 
     </span>
     <span class='ocr_line' id='line_1_25' title="bbox 149 2277 1085 2331; baseline 0.002 -15"><span class='ocrx_word' id='word_1_144' title='bbox 149 2277 240 2329; x_wconf 88' lang='lat' dir='ltr'>Ipse</span> <span class='ocrx_word' id='word_1_145' title='bbox 259 2282 320 2317; x_wconf 87' lang='lat' dir='ltr'>ter</span> <span class='ocrx_word' id='word_1_146' title='bbox 338 2280 503 2318; x_wconf 82' lang='lat' dir='ltr'>adducta</span> <span class='ocrx_word' id='word_1_147' title='bbox 521 2280 663 2318; x_wconf 81' lang='lat' dir='ltr'>circum</span> <span class='ocrx_word' id='word_1_148' title='bbox 683 2283 798 2331; x_wconf 80' lang='lat' dir='ltr'>caput</span> <span class='ocrx_word' id='word_1_149' title='bbox 816 2281 896 2331; x_wconf 86' lang='lat' dir='ltr'>egit</span> <span class='ocrx_word' id='word_1_150' title='bbox 915 2281 1085 2326; x_wconf 82' lang='lat' dir='ltr'>habena3</span> 
     </span>
    </p>

    <p class='ocr_par' dir='ltr' id='par_1_11' title="bbox 148 2332 1191 2652">
     <span class='ocr_line' id='line_1_26' title="bbox 148 2332 1109 2385; baseline 0.001 -15"><span class='ocrx_word' id='word_1_151' title='bbox 148 2332 207 2370; x_wconf 89' lang='lat' dir='ltr'>Et</span> <span class='ocrx_word' id='word_1_152' title='bbox 225 2333 351 2371; x_wconf 83' lang='lat' dir='ltr'>media</span> <span class='ocrx_word' id='word_1_153' title='bbox 369 2334 517 2371; x_wconf 81' lang='lat' dir='ltr'>adversi</span> <span class='ocrx_word' id='word_1_154' title='bbox 535 2334 740 2385; x_wconf 80' lang='lat' dir='ltr'>liquefacto</span> <span class='ocrx_word' id='word_1_155' title='bbox 760 2337 934 2384; x_wconf 85' lang='lat' dir='ltr'>tempora</span> <span class='ocrx_word' id='word_1_156' title='bbox 951 2335 1109 2385; x_wconf 86' lang='lat' dir='ltr'>plumbo</span> 
     </span>
     <span class='ocr_line' id='line_1_27' title="bbox 149 2385 1092 2438; baseline 0.001 -15"><span class='ocrx_word' id='word_1_157' title='bbox 149 2385 315 2433; x_wconf 85' lang='lat' dir='ltr'>Diffidit,</span> <span class='ocrx_word' id='word_1_158' title='bbox 335 2400 377 2424; x_wconf 82' lang='lat' dir='ltr'>ao</span> <span class='ocrx_word' id='word_1_159' title='bbox 396 2387 522 2425; x_wconf 80' lang='lat' dir='ltr'>multa</span> <span class='ocrx_word' id='word_1_160' title='bbox 539 2390 757 2438; x_wconf 84' lang='lat' dir='ltr'>porrectum</span> <span class='ocrx_word' id='word_1_161' title='bbox 777 2388 950 2426; x_wconf 81' lang='lat' dir='ltr'>extendit</span> <span class='ocrx_word' id='word_1_162' title='bbox 969 2401 1092 2425; x_wconf 82' lang='lat' dir='ltr'>arena.</span> 
     </span>
     <span class='ocr_line' id='line_1_28' title="bbox 151 2439 1165 2491; baseline 0.001 -15"><span class='ocrx_word' id='word_1_163' title='bbox 151 2439 253 2476; x_wconf 90' lang='lat' dir='ltr'>Tum</span> <span class='ocrx_word' id='word_1_164' title='bbox 270 2440 438 2490; x_wconf 87' lang='lat' dir='ltr'>primum</span> <span class='ocrx_word' id='word_1_165' title='bbox 455 2441 555 2479; x_wconf 83' lang='lat' dir='ltr'>bello</span> <span class='ocrx_word' id='word_1_166' title='bbox 575 2441 731 2479; x_wconf 83' lang='lat' dir='ltr'>celerem</span> <span class='ocrx_word' id='word_1_167' title='bbox 751 2441 960 2479; x_wconf 80' lang='lat' dir='ltr'>intendisse</span> <span class='ocrx_word' id='word_1_168' title='bbox 980 2441 1165 2491; x_wconf 78' lang='lat' dir='ltr'>sagittam</span> 
     </span>
     <span class='ocr_line' id='line_1_29' title="bbox 150 2491 1039 2544; baseline 0.003 -15"><span class='ocrx_word' id='word_1_169' title='bbox 150 2491 316 2539; x_wconf 86' lang='lat' dir='ltr'>Dicitur,</span> <span class='ocrx_word' id='word_1_170' title='bbox 336 2496 426 2532; x_wconf 85' lang='lat' dir='ltr'>ante</span> <span class='ocrx_word' id='word_1_171' title='bbox 444 2494 540 2532; x_wconf 85' lang='lat' dir='ltr'>feras</span> <span class='ocrx_word' id='word_1_172' title='bbox 560 2495 695 2532; x_wconf 87' lang='lat' dir='ltr'>solitus</span> <span class='ocrx_word' id='word_1_173' title='bbox 713 2497 856 2533; x_wconf 87' lang='lat' dir='ltr'>terrere</span> <span class='ocrx_word' id='word_1_174' title='bbox 874 2495 1039 2544; x_wconf 79' lang='lat' dir='ltr'>fugaceS,</span> 
     </span>
     <span class='ocr_line' id='line_1_30' title="bbox 149 2546 1144 2598; baseline 0.001 -16"><span class='ocrx_word' id='word_1_175' title='bbox 149 2546 348 2594; x_wconf 85' lang='lat' dir='ltr'>Ascanius,</span> <span class='ocrx_word' id='word_1_176' title='bbox 367 2547 581 2598; x_wconf 85' lang='lat' dir='ltr'>fortemque</span> <span class='ocrx_word' id='word_1_177' title='bbox 599 2562 717 2586; x_wconf 85' lang='lat' dir='ltr'>manu</span> <span class='ocrx_word' id='word_1_178' title='bbox 735 2549 876 2586; x_wconf 86' lang='lat' dir='ltr'>fudisse</span> <span class='ocrx_word' id='word_1_179' title='bbox 895 2549 1121 2585; x_wconf 83' lang='lat' dir='ltr'>Numanum</span> <span class='ocrx_word' id='word_1_180' title='bbox 1136 2563 1144 2592; x_wconf 89' lang='lat'>;</span> 
     </span>
     <span class='ocr_line' id='line_1_31' title="bbox 151 2598 1191 2652; baseline 0.001 -16"><span class='ocrx_word' id='word_1_181' title='bbox 151 2598 224 2636; x_wconf 87' lang='lat' dir='ltr'>Cui</span> <span class='ocrx_word' id='word_1_182' title='bbox 243 2599 407 2639; x_wconf 82' lang='lat' dir='ltr'>Remulo</span> <span class='ocrx_word' id='word_1_183' title='bbox 426 2614 638 2652; x_wconf 84' lang='lat' dir='ltr'>cognomen</span> <span class='ocrx_word' id='word_1_184' title='bbox 657 2604 760 2650; x_wconf 83' lang='lat' dir='ltr'>erat3</span> <span class='ocrx_word' id='word_1_185' title='bbox 789 2602 984 2652; x_wconf 85' lang='lat' dir='ltr'>Turnique</span> <span class='ocrx_word' id='word_1_186' title='bbox 1003 2601 1191 2638; x_wconf 87' lang='lat' dir='ltr'>minorem</span> 
     </span>
    </p>
   </div>
   <div class='ocr_carea' id='block_1_7' title="bbox 1353 96 1431 133">
    <p class='ocr_par' dir='ltr' id='par_1_12' title="bbox 1353 96 1431 133">
     <span class='ocr_line' id='line_1_32' title="bbox 1353 96 1431 133; baseline 0 0"><span class='ocrx_word' id='word_1_187' title='bbox 1353 96 1431 133; x_wconf 83' lang='lat'>315</span> 
     </span>
    </p>
   </div>
  </div>
 </body>
</html>
