1705 2744
286 116 361 152 116
688 127 723 153 P.
743 126 928 153 vmoun
956 127 1144 154 MAnoms

285 221 406 267 Quem
426 220 457 257 si
477 221 555 258 fata
573 221 697 258 virum
716 224 878 267 servant,
898 222 930 259 si
948 223 1113 260 vescitur
1132 237 1220 260 aura

283 273 468 320 AEtheria,
488 288 607 324 neque
627 275 748 312 adhuc
768 275 978 313 crudelibus
997 276 1155 313 occubat
1174 276 1329 322 umbris,

283 326 373 364 Non
393 330 530 373 metus,
550 328 669 365 officio
688 342 735 365 nc
753 331 792 365 te
812 331 972 366 certasse
991 329 1153 378 priorem

283 379 487 418 Paeniteat.
543 381 642 418 Sunt
661 383 699 418 et
720 381 854 418 Siculis
874 381 1089 431 regionibus
1109 383 1231 428 urbes,

281 433 468 483 Arvaque,
488 433 724 483 Trojanoque
743 447 764 470 a
783 435 964 483 sanguine
984 435 1103 472 clarus
1123 436 1292 473 Acestes.

282 486 506 532 Quassatam
525 487 648 524 ventis
667 487 776 523 liceat
796 487 1001 524 subducere
1020 488 1188 534 classem,

280 539 335 576 Et
355 539 457 576 silvis
477 542 605 589 aptare
622 540 748 576 trabes
768 542 806 576 et
826 540 1010 589 stringere
1029 554 1173 587 remos3

280 592 321 628 Si
339 593 451 629 datur
471 592 636 638 Italiam,
655 592 763 630 sociis
783 594 821 629 et
839 606 928 642 rege
946 596 1107 643 recepto,

280 645 460 691 Tendere,
480 649 525 682 ut
544 646 698 682 Italiam
717 645 795 682 laeti
813 645 1044 695 Latiumque
1062 649 1237 696 petamus
1253 663 1260 693 ;

280 697 345 735 Sin
366 699 541 735 absumta
559 699 669 745 salus,
689 701 727 735 et
746 701 796 744 te,
816 701 924 748 pater
942 699 1084 748 optime
1103 699 1303 745 Teucrum,

279 751 428 788 Pontus
447 752 562 789 habet
582 752 724 802 Libyae,
744 765 811 789 nec
832 765 914 801 spes
928 752 1010 802 jam
1028 755 1148 790 restat
1168 753 1256 799 Iuli,

279 805 335 841 At
354 805 450 842 freta
470 805 627 842 Sicaniae
648 805 785 842 saltem
803 805 980 855 sedesque
999 808 1160 855 parataS,

279 857 391 895 Unde
409 858 483 895 huc
503 858 661 905 advecti,
680 871 881 908 regemque
900 860 1073 908 petamus
1092 859 1298 896 Acesten.”

280 910 434 948 Talibus
455 911 620 949 Ilioneus
638 928 646 958 3
674 911 802 949 cuncti
821 911 934 948 simul
953 925 1015 949 ore
1034 912 1245 949 fremebant

277 963 519 1001 Dardanidae.

330 1017 430 1054 Tum
448 1018 612 1055 breviter
631 1017 745 1063 Dido,
763 1017 915 1054 vultum
935 1017 1106 1063 demissa,
1125 1018 1318 1067 profatur:

278 1069 456 1108 “Solvite
472 1071 581 1108 corde
599 1074 758 1116 metum,
778 1071 924 1115 Teucri,
945 1071 1125 1108 secludite
1144 1084 1263 1108 curas.

278 1122 355 1160 Res
375 1124 468 1160 dura
487 1126 525 1161 et
543 1124 651 1173 regni
669 1124 818 1161 novitas
838 1137 898 1161 me
916 1124 1009 1161 talia
1027 1126 1170 1174 cogunt

278 1176 420 1223 Moliri,
441 1180 479 1214 et
497 1177 574 1214 late
593 1177 686 1214 fines
706 1177 861 1213 custode
879 1177 990 1214 tueri.

275 1229 367 1275 Quis
386 1243 506 1280 genus
525 1229 750 1275 AEneadum,
770 1229 853 1279 quis
872 1230 995 1280 Trojae
1014 1229 1158 1267 nesciat
1177 1229 1325 1275 urbem,

275 1282 522 1333 Virtutesque
540 1283 724 1332 virosque,
744 1285 811 1319 aut
830 1283 931 1319 tanti
950 1282 1122 1320 incendia
1139 1282 1229 1319 belli
1245 1282 1262 1320 Ρ

275 1336 367 1373 Non
386 1337 521 1373 obtusa
540 1336 631 1373 adeo
650 1338 843 1386 gestamus
862 1338 1015 1385 pectora
1034 1335 1167 1380 Poeni3

275 1389 358 1426 Nec
376 1392 458 1426 tam
477 1402 628 1426 aversus
647 1402 760 1439 equos
780 1388 897 1439 Tyria
916 1388 980 1425 Sol
993 1389 1124 1438 jungit
1143 1388 1190 1425 ab
1208 1388 1312 1425 urbe.

275 1442 349 1479 Seu
367 1456 434 1479 vos
454 1442 680 1491 Hesperiam
697 1455 876 1492 magnam
896 1441 1145 1490 Saturniaque
1165 1454 1266 1487 arva,

275 1495 361 1532 Sive
381 1495 516 1546 Erycis
535 1496 628 1532 fines
646 1508 848 1545 regemque
867 1495 1008 1544 optatis
1028 1495 1205 1540 Acesten,

275 1549 429 1585 Auxilio
448 1550 554 1585 tutos
574 1548 778 1593 dimittam,
799 1548 1005 1598 opibusque
1018 1547 1171 1598 juvabo.

275 1601 403 1639 Vultis
423 1605 461 1639 et
480 1602 539 1638 his
558 1614 707 1638 mecum
725 1601 866 1650 pariter
885 1601 1074 1638 considere
1093 1599 1241 1650 regnis3

275 1654 420 1691 Urbem
440 1668 553 1704 quam
573 1656 713 1699 statuo,
732 1656 859 1691 vestra
877 1656 957 1691 est:
987 1653 1185 1695 subducite
1203 1666 1340 1697 naves;

275 1708 370 1745 Tros
390 1708 602 1759 Tyriusque
621 1707 716 1744 mihi
733 1707 837 1744 nullo
857 1707 1070 1744 discrimine
1089 1708 1234 1756 agetur.

275 1762 403 1811 Atque
422 1761 571 1798 utinam
589 1774 654 1798 rex
671 1760 762 1810 ipse,
780 1762 872 1797 noto
892 1760 1105 1809 compulsus
1124 1759 1265 1804 eodem,

275 1815 423 1851 Afforet
443 1814 581 1851 AEneas
596 1814 602 1850 !
658 1813 848 1863 Equidem
866 1826 932 1863 per
949 1813 1062 1850 litora
1080 1815 1201 1850 certos

275 1867 495 1913 Dimittam,
515 1870 554 1904 et
573 1867 705 1916 Libyae
724 1867 883 1904 lustrare
903 1868 1071 1903 extrema
1082 1866 1237 1916 jubebo,

276 1920 314 1956 Si
335 1920 469 1969 quibus
490 1921 629 1970 ejectus
649 1920 752 1956 silvis
771 1923 837 1957 aut
857 1919 1012 1957 urbibus
1031 1919 1171 1956 errat.’'

330 1973 404 2009 His
423 1973 592 2010 animum
611 1973 746 2010 arrecti
765 1973 888 2018 dictis,
908 1975 946 2010 et
965 1973 1074 2010 fortis
1093 1971 1260 2009 Achates

276 2026 330 2062 Et
349 2029 456 2075 pater
475 2026 613 2062 sEneas
626 2026 852 2075 jamdudum
871 2039 1063 2075 erumpere
1081 2025 1221 2062 nubem

275 2079 484 2115 Ardebant.
540 2078 649 2115 Prior
668 2078 814 2115 AEnean
835 2079 1034 2128 compellat
1053 2078 1242 2115 Achates:

276 2135 296 2149 ‘⁶
310 2132 414 2168 Nate
436 2132 513 2176 dea,
534 2145 614 2180 quae
633 2145 733 2168 nunc
753 2131 877 2168 animo
897 2131 1087 2168 sententia
1105 2128 1259 2179 surgit?

276 2185 413 2221 Omnia
431 2188 519 2221 tuta
535 2184 650 2230 vides,
671 2184 826 2221 classem
844 2184 1035 2233 sociosque
1052 2185 1233 2232 receptos.

276 2238 386 2274 Unus
406 2238 522 2283 abest,
542 2237 665 2274 medio
684 2237 724 2273 in
742 2237 862 2274 fluctu
880 2250 992 2286 quem
1009 2236 1171 2273 vidimus
1190 2236 1262 2285 ipsi

277 2291 544 2336 Submersum3
573 2290 683 2327 dictis
702 2290 929 2339 respondent
949 2292 1072 2327 cetera
1089 2289 1262 2326 matris.''

275 2344 349 2380 Vix
369 2357 412 2381 ea
429 2344 530 2380 fatus
549 2346 640 2388 erat,
661 2356 778 2392 quum
797 2343 1020 2380 circumfusa
1038 2344 1192 2393 repente

277 2396 422 2433 Scindit
442 2410 480 2434 se
499 2396 628 2441 nubeS,
648 2399 687 2433 et
705 2396 744 2433 in
764 2396 905 2433 aethera
923 2398 1061 2446 purgat
1081 2397 1267 2445 apertum.

278 2449 440 2487 Restitit
460 2449 610 2494 AEneaS,
631 2449 801 2499 claraque
819 2449 860 2486 in
877 2449 959 2486 luce
977 2449 1135 2495 refulsit,

281 2502 328 2539 Os
347 2503 597 2552 humerosque
616 2502 684 2539 deo
704 2502 835 2539 similis
852 2519 859 2539 :
888 2515 1050 2552 namque
1068 2502 1149 2551 ipsa
1167 2502 1339 2538 decoram

276 2555 474 2593 Caesariem
493 2558 583 2592 nato
602 2555 785 2604 genetrix,
804 2556 1004 2605 lumenque
1017 2555 1190 2605 juventae

280 2608 527 2659 Purpureum,
547 2611 585 2646 et
604 2608 709 2646 laetos
730 2608 846 2646 oculis
865 2609 1009 2646 afflarat
1028 2608 1210 2646 honores:
