1705 2744
365 1243 520 1281 Talibus
538 1244 688 1282 Allecto
707 1244 818 1282 dictis
837 1245 975 1282 exarsit
994 1245 1033 1282 in
1051 1245 1136 1282 iras.

311 1297 366 1334 At
379 1297 511 1347 juveni
529 1297 653 1334 oranti
672 1298 819 1335 subitus
839 1301 981 1335 tremor
1000 1301 1158 1348 occupat
1179 1301 1282 1336 artus
1298 1315 1305 1345 ;

310 1350 519 1400 ‘Deriguere
538 1350 657 1388 oculi:
685 1353 747 1388 tot
767 1351 907 1401 Erinys
928 1351 1054 1388 sibilat
1073 1351 1216 1401 hydris,

311 1404 508 1453 Tantaque
528 1417 566 1440 se
585 1404 696 1441 facies
716 1405 847 1454 aperit.
903 1404 1003 1440 Tum
1022 1404 1196 1441 flammea
1213 1406 1394 1453 torquens

309 1456 475 1493 Lumina
493 1459 737 1495 cunctantem
755 1460 794 1494 et
814 1460 1045 1506 quaerentem
1064 1457 1184 1494 dicere
1201 1457 1310 1507 plura

310 1509 481 1559 Repulit,
501 1512 540 1547 et
558 1510 728 1559 geminos
748 1510 866 1547 erexit
885 1510 1049 1547 crinibus
1069 1523 1222 1559 angueS‚

309 1562 549 1611 Verberaque
567 1562 747 1609 insonuit,
766 1563 969 1612 rabidoque
987 1563 1069 1599 haec
1088 1563 1234 1600 addidit
1253 1575 1338 1599 ore:

311 1618 332 1634 “
346 1615 409 1652 En
428 1629 498 1665 ego
517 1615 620 1652 Victa
638 1616 726 1662 situ,
746 1629 859 1664 quam
878 1616 956 1652 veri
975 1617 1086 1653 effeta
1105 1618 1277 1653 senectus

310 1669 429 1705 Arma
447 1669 548 1706 inter
566 1682 699 1718 regum
717 1669 811 1706 falsa
828 1669 1026 1706 formidine
1045 1668 1143 1705 ludit
1158 1685 1166 1714 ;

310 1721 470 1771 Respice
489 1722 537 1758 ad
554 1721 657 1759 haec:
687 1722 820 1759 adsum
839 1722 1004 1759 dirarum
1024 1722 1071 1759 ab
1090 1721 1175 1759 sede
1194 1733 1363 1759 sororum
1379 1736 1387 1765 ;

310 1774 417 1812 Bella
435 1788 552 1812 manu
570 1775 764 1824 letumque
782 1775 912 1825 gero.''

311 1827 372 1865 Sic
391 1829 505 1865 effata
522 1828 642 1865 facem
655 1828 788 1878 juveni
807 1827 977 1878 conjecit,
998 1830 1036 1865 et
1056 1829 1138 1864 atro

309 1880 471 1918 Lumine
489 1880 679 1918 fumantes
698 1882 783 1918 fixit
801 1882 871 1918 sub
889 1883 1040 1931 pectore
1058 1881 1189 1918 taedas.

308 1933 385 1970 Olli
403 1948 578 1971 somnum
596 1934 729 1984 ingens
747 1934 892 1984 rumpit
906 1947 1032 1984 pavor,
1052 1947 1207 1983 ossaque
1226 1935 1265 1970 et
1284 1935 1388 1970 artus

308 1986 510 2024 Perfundit
527 1990 613 2024 toto
631 1990 835 2037 proruptus
854 2001 1006 2037 corpore
1025 1987 1150 2024 sudor.

308 2041 428 2076 Arma
447 2053 574 2077 amens
593 2040 742 2086 fremit3
771 2054 874 2077 arma
891 2042 976 2077 toro
995 2040 1181 2088 tectisque
1198 2038 1368 2088 requirit.

310 2092 428 2129 Saevie
447 2106 552 2130 amor
569 2093 667 2138 ferri,
687 2097 726 2130 et
745 2093 925 2131 scelerata
942 2093 1088 2130 insania
1104 2092 1204 2137 belli,

307 2145 372 2183 Ira
390 2159 521 2195 super:
550 2159 689 2195 magno
707 2146 826 2183 veluti
845 2160 962 2194 quum
979 2146 1133 2183 flamma
1150 2157 1281 2182 sonore

306 2199 447 2248 Virgea
465 2199 682 2248 suggeritur
701 2199 814 2236 costis
833 2198 1013 2235 undantis
1032 2197 1153 2243 aheni,

307 2252 590 2300 Exsultantque
609 2255 703 2288 aestu
720 2252 872 2297 latices3
899 2251 992 2288 furit
1011 2251 1115 2287 intus
1134 2255 1244 2300 aquai

306 2305 492 2342 Fumidus
510 2307 624 2355 atque
642 2305 717 2341 alte
735 2304 877 2354 spumis
896 2304 1074 2341 exuberat
1093 2303 1236 2345 amnis3

308 2359 390 2395 Nec
404 2358 485 2408 jam
504 2371 542 2395 se
562 2358 660 2407 capit
677 2358 779 2394 unda
795 2374 801 2402 ;
830 2357 931 2394 volat
947 2370 1064 2407 vapor
1082 2359 1163 2393 ater
1181 2356 1229 2393 ad
1247 2369 1366 2393 auras.

308 2412 414 2461 Ergo
433 2411 506 2448 iter
525 2411 572 2448 acl
590 2424 716 2461 regem
736 2410 881 2460 polluta
899 2423 988 2460 pace
1008 2409 1192 2447 Latinum

307 2464 451 2501 Indicit
470 2464 600 2513 primis
613 2464 808 2515 juvenum,
829 2466 867 2501 et
880 2463 991 2513 jubet
1010 2476 1113 2500 arma
1131 2462 1264 2512 parari,

306 2517 442 2554 'Tutari
461 2517 626 2563 Italiam,
646 2517 843 2554 detrudere
862 2517 1000 2553 finibus
1018 2517 1191 2561 hostem

306 2570 354 2608 Se
373 2571 464 2607 satis
484 2571 664 2608 ambobus
685 2570 910 2619 Teucrisque
928 2569 1055 2607 venire
1074 2568 1307 2617 Latinisque.

305 2623 403 2661 Haec
422 2623 486 2661 ubi
506 2624 608 2661 dicta
626 2624 741 2670 dedit,
761 2623 940 2673 divosque
958 2622 998 2660 in
1016 2624 1107 2660 vota
1124 2621 1295 2660 vocavit:
