1705 2744
288 123 364 160 222
692 133 725 158 P.
747 132 933 159 VIRGILII
961 132 1149 160 MARoms

292 227 382 278 Ipsa
400 240 521 272 canas,
540 227 643 263 0r0.''
702 227 836 264 Finem
855 227 960 264 (ledit
978 240 1039 265 ore
1057 227 1243 277 loquendi.

345 280 401 317 At
421 279 557 317 Phoebi
575 279 741 317 nondum
761 280 918 330 patiens,
937 280 1111 317 immanis
1130 281 1168 317 in
1188 285 1297 318 antro

293 333 509 371 Bacchatur
528 335 644 379 vates,
662 346 844 383 magnum
863 333 894 369 si
912 336 1062 382 pectore
1080 334 1200 383 possit

293 386 512 424 Excussisse
531 386 667 423 deum:
695 388 805 423 tanto
825 386 944 435 magis
964 386 1024 423 ille
1044 387 1180 436 fatigat

295 439 347 476 Os
366 439 549 484 rabidum,
569 439 647 475 fera
665 439 777 475 eorda
794 439 961 485 domans,
976 439 1161 489 fingitque
1179 438 1392 489 premendo.

295 492 404 529 Ostia
416 492 569 542 jamque
588 492 721 528 domus
740 494 894 541 patuere
912 491 1084 541 ingentia
1101 496 1254 529 eentum

295 546 437 595 Sponte
456 558 533 591 sua,
552 544 722 594 vatisque
741 545 866 582 serunt
885 557 1061 594 responsa
1078 558 1143 594 per
1161 558 1289 582 auras:

295 602 316 617 ‘⁴
331 598 363 635 O
382 598 537 635 tandem
555 597 702 647 magnis
720 597 843 647 pelagi
862 597 1036 635 defuncte
1054 598 1221 647 periclis!

296 651 370 688 Sed
387 653 488 688 terra
505 650 677 701 graviora
695 652 861 687 manent.
917 650 965 687 In
984 664 1100 701 regna
1118 650 1254 688 Lavini

296 704 522 741 Dardanidae
541 703 715 750 venient3
743 703 856 740 mitte
875 703 971 741 hane
990 704 1034 741 de
1054 706 1203 753 pectore
1222 716 1371 748 euram3

297 757 370 794 Sed
389 771 465 793 non
485 759 523 794 et
541 756 687 794 venisse
706 757 846 794 volent.
902 756 1019 803 Bella,
1038 756 1190 794 horrida
1207 756 1315 803 bella,

297 810 352 847 Et
372 809 558 859 Thybrim
576 810 698 847 multo
717 811 956 859 spumantem
975 809 1156 860 sanguine
1175 823 1296 847 cerno.

297 864 389 900 Non
409 863 544 900 Simois
562 862 635 900 tibi
652 876 720 900 1166
740 863 930 909 Xanthus,
949 876 1017 900 1166
1036 862 1176 900 Dorica
1194 865 1316 900 eastra

297 916 522 953 Defuerint:
552 915 646 953 alius
666 915 778 953 Latio
791 916 873 966 jam
891 918 1021 965 partus
1041 915 1221 962 Achilles,

298 969 426 1006 Natus
445 972 484 1006 et
502 969 580 1018 ipse
600 969 688 1006 dea:
717 982 785 1006 nee
804 969 958 1006 Teucris
978 969 1105 1006 addita
1123 969 1149 1005 J
1153 982 1228 1006 uno

298 1022 471 1072 Usquam
491 1022 621 1060 aberit.
677 1022 804 1068 Quum
821 1024 867 1059 tu
885 1022 1040 1072 supplex
1058 1022 1098 1058 in
1117 1022 1227 1059 rebus
1246 1020 1372 1071 egenis

299 1075 400 1121 Quas
420 1077 551 1125 gentes
572 1075 717 1112 Italum
736 1077 802 1112 aut
821 1089 912 1125 quas
930 1089 1007 1112 non
1026 1075 1186 1112 oraveris
1204 1075 1336 1112 urbes!

299 1128 422 1165 Causa
439 1128 528 1165 mali
546 1128 647 1165 tanti
666 1128 800 1178 conjux
819 1128 958 1166 iterum
975 1128 1127 1178 hospita
1145 1127 1308 1174 Teucris,

299 1181 533 1231 Externique
551 1181 691 1218 iterum
708 1181 879 1218 thalami.

300 1235 360 1271 Tu
378 1248 425 1271 ne
445 1235 531 1271 cede
550 1234 679 1280 malis3
707 1235 772 1271 sed
790 1236 921 1272 eontra
940 1233 1136 1271 audentior
1154 1233 1221 1279 ito,

300 1288 384 1334 Qua
401 1289 469 1324 tua
487 1290 526 1324 te
545 1288 697 1324 fortuna
715 1287 824 1324 sinet.
880 1287 952 1323 Via
970 1287 1091 1336 prima
1109 1286 1251 1331 salutis,

300 1341 411 1388 Quod
430 1340 583 1378 minime
602 1340 704 1386 reris,
724 1340 839 1377 Graia
855 1340 1041 1390 pandetur
1059 1340 1105 1377 ab
1124 1339 1254 1377 urbe.”

353 1393 508 1431 Talibus
528 1407 573 1430 ex
592 1394 706 1444 adyto
726 1393 836 1430 dietis
857 1393 1008 1430 Cumaea
1026 1392 1170 1443 Sibylla

300 1446 520 1484 Horrendas
539 1447 640 1483 canit
660 1447 846 1496 ambages,
867 1448 1048 1494 antroque
1067 1444 1233 1495 remugit

300 1499 477 1537 Obscuris
496 1513 584 1536 vera
601 1499 793 1536 involvens
808 1516 816 1537 :
845 1512 888 1536 ea
905 1499 1009 1536 frena
1026 1498 1167 1535 furenti

301 1552 495 1599 Concutit‚
515 1555 553 1589 et
573 1552 746 1589 stimulos
766 1552 834 1589 sub
852 1554 1003 1601 pectore
1021 1552 1138 1588 vertit
1157 1549 1304 1599 Apollo.

300 1605 359 1642 Ut
377 1605 542 1655 primum
562 1606 673 1642 cessit
691 1606 805 1651 furor,
824 1607 862 1642 et
882 1605 1010 1642 rabida
1028 1618 1092 1641 ora
1110 1603 1298 1653 quierunt,

301 1658 445 1718 Incipit
465 1658 605 1695 AEneas
624 1659 754 1695 heros:
785 1661 805 1677 ‘⁴
818 1658 911 1694 Non
927 1657 1004 1694 ulla
1021 1657 1202 1702 labomm,

302 1711 335 1748 Ο
357 1712 476 1762 virgo,
496 1725 595 1749 nova
612 1711 666 1747 mi
683 1711 823 1748 facies
813 1711 1011 1771 inopinave
1031 1724 1093 1747 5111
1094 1710 1174 1760 git:

302 1764 442 1802 Omnia
459 1764 628 1814 praecepi,
648 1766 761 1813 atque
780 1764 904 1801 animo
922 1777 1071 1801 mecum
1089 1765 1177 1800 ante
1194 1761 1332 1813 peregi.

301 1818 434 1854 Unum
453 1818 722 1867 oro—quando
741 1817 802 1854 hie
821 1816 984 1854 inferni
970 1830 1087 1867 janua
1104 1815 1202 1866 regis

301 1870 466 1917 Dicitur,
485 1872 525 1908 613
543 1871 742 1908 tenebrosa
759 1871 864 1920 palus
885 1870 1100 1907 Acheronte
1118 1869 1294 1906 refuso—

301 1923 363 1961 Ire
382 1924 429 1960 ad
448 1925 691 1974 conspectum
710 1924 785 1960 cari
803 1923 984 1974 genitoris
1004 1925 1042 1960 et
1061 1936 1125 1959 ora

301 1976 534 2026 Contingat:
563 1977 694 2014 doceas
711 1976 796 2023 iter,
815 1979 854 2014 et
874 1990 977 2013 saera
995 1976 1092 2013 ostia
1108 1974 1261 2025 pandas.

301 2028 419 2065 Illum
438 2042 507 2078 ego
526 2042 592 2078 per
610 2030 780 2067 flammas
800 2032 839 2067 et
857 2029 960 2067 mille
979 2028 1175 2078 sequentia
1191 2026 1268 2064 tela

301 2081 437 2131 Eripui
454 2081 514 2118 his
534 2082 711 2127 humeris,
730 2083 927 2131 medioque
946 2095 991 2119 ex
1008 2082 1119 2119 hoste
1137 2079 1279 2128 recepi3

302 2134 384 2181 Ille,
403 2147 530 2171 meum
549 2134 752 2172 comitatus
770 2135 853 2180 iter,
872 2134 990 2171 maria
1007 2134 1133 2171 omnia
1149 2145 1297 2169 meeum

302 2188 431 2237 Atque
451 2200 579 2224 omnes
597 2187 795 2237 pelagique
813 2187 934 2224 minas
953 2187 1106 2236 coelique
1125 2186 1267 2223 ferebat

303 2239 510 2286 Invalidus‚
530 2240 626 2277 vires
645 2240 746 2277 ultra
765 2242 979 2289 sortemque
998 2241 1166 2277 seneetae.

304 2293 417 2340 Quin,
435 2295 482 2330 ut
500 2295 539 2330 te
559 2293 715 2343 supplex
732 2295 899 2343 peterem
918 2295 956 2330 et
975 2295 1044 2330 tua
1061 2291 1192 2329 limina
1211 2290 1363 2334 adirem,

304 2346 413 2384 Idem
433 2359 541 2383 orans
560 2346 739 2383 mandata
757 2346 881 2383 dabat.
937 2345 1106 2395 Natique
1125 2343 1329 2403 patrisque,

303 2399 429 2444 Alma,
447 2412 588 2448 preeoi,
607 2399 806 2445 miserere3
833 2401 940 2449 potes
959 2411 1121 2447 namque
1139 2396 1285 2435 omnia:
1315 2408 1382 2432 1166
1401 2399 1440 2431 te

303 2430 570 2502 Nequidquam
591 2452 684 2489 111615
704 2452 852 2490 Hecate
870 2452 1035 2502 praefecit
1054 2450 1237 2496 Avernis3

305 2505 346 2542 Si
364 2505 491 2555 potuit
510 2518 637 2542 manes
656 2518 837 2543 arcessere
857 2505 1027 2555 conjugis
1047 2503 1232 2554 Orpheus,

303 2558 478 2595 Threicia
495 2558 615 2595 fretus
634 2558 780 2596 eithara
796 2558 1007 2608 fidibusque
1026 2557 1192 2602 canoris3

305 2611 346 2650 Si
362 2612 518 2649 fratrem
536 2611 675 2649 Pollux
692 2611 836 2650 alterna
853 2614 975 2649 morte
993 2610 1163 2657 redemit,
