1705 2744
259 83 312 121 74·
689 93 725 120 Ρ.
744 93 932 121 vmeimr
952 94 1141 122 MARoms

256 189 544 238 Horrentesque
563 188 689 235 rubos,
710 191 749 227 et
769 191 938 228 amantes
959 190 1074 228 ardua
1093 191 1247 229 dumos:

256 243 385 292 Atque
404 242 495 292 ipsae
513 255 696 280 memores
717 243 874 280 redeunt
894 244 934 280 in
953 246 1068 290 tecta,
1087 258 1247 294 suosque

255 295 427 341 Ducunt,
447 298 486 332 et
501 295 656 345 gravido
676 298 854 346 superant
867 297 930 333 vix
949 297 1062 334 ubere
1080 297 1208 335 limen.

256 349 361 399 Ergo
380 348 483 386 omni
502 348 628 385 studio
650 348 808 398 glaciem
826 352 1033 399 ventosque
1052 350 1206 397 nivales,

255 402 340 448 Quo
358 402 481 439 minor
500 404 558 438 est
576 401 650 438 illis
669 415 768 439 curae
786 403 956 440 mortalis
976 406 1136 452 egestas,

255 456 429 501 Avertes,
448 454 666 504 victumque
685 455 779 492 feres
798 458 836 492 et
856 455 985 505 virgea
1002 456 1114 493 laetus

255 508 401 546 Pabula
417 524 424 554 ;
452 520 521 545 nec
539 510 624 545 tota
642 508 790 545 claudes
810 508 951 545 foenilia
969 509 1114 546 bruma.

253 562 309 599 At
328 575 427 608 vero,
447 561 619 612 zephyris
639 575 755 610 quum
774 561 865 598 laeta
883 562 1106 599 vocantibus
1127 564 1239 598 aestas

255 615 304 652 In
323 615 440 652 saltus
459 617 662 664 utrumque
681 628 834 664 gregem
853 617 966 663 atque
984 614 1024 651 in
1047 628 1186 665 pascua
1204 615 1348 661 mittet,

256 668 421 705 Luciferi
439 668 560 718 primo
580 681 667 705 cum
686 667 804 705 sidere
823 667 960 718 frigida
977 681 1065 705 rura

255 721 474 772 Carpamus,
494 721 586 757 dum
604 734 713 758 mane
731 734 884 767 novum,
905 721 997 758 dum
1016 720 1189 771 gramina
1207 724 1355 768 canent,

253 775 308 812 Et
326 789 386 812 ros
404 775 445 811 in
463 776 593 812 tenera
610 774 733 824 pecori
752 774 990 824 gratissimus
1010 775 1138 812 herba.

254 827 362 875 Inde,
381 827 447 865 ubi
466 830 601 877 quarta
620 827 725 864 sitim
744 827 827 865 coeli
847 828 1040 878 collegerit
1059 828 1165 872 hora,

253 881 309 918 Et
329 884 445 918 cantu
464 880 631 930 querulae
649 884 828 931 rumpent
848 882 1003 918 arbusta
1022 881 1170 926 cicadae,

251 935 314 971 Ad
332 937 466 985 puteos
486 936 552 971 aut
571 934 649 971 alta
668 948 799 984 greges
819 934 866 971 ad
885 937 1022 985 stagna
1035 934 1170 985 jubeto

252 987 478 1025 Currentem
495 987 622 1037 ilignis
641 990 772 1038 potare
791 988 982 1025 canalibus
1001 988 1144 1024 undam
1161 1003 1168 1023 z

251 1041 425 1078 AEstibus
445 1043 484 1078 at
503 1041 635 1078 mediis
657 1041 873 1078 umbrosam
894 1041 1085 1090 exquirere
1104 1040 1252 1085 vallem,

251 1094 379 1132 Sicubi
398 1107 537 1144 magna
555 1094 581 1130 J
584 1094 663 1131 ovis
683 1095 841 1143 antiquo
860 1095 992 1131 robore
1012 1106 1170 1144 quercus

251 1147 434 1198 Ingentes
452 1147 586 1185 tendat
604 1160 727 1184 ramos
743 1163 750 1193 3
778 1150 846 1184 aut
866 1148 985 1185 sicubi
1003 1148 1157 1197 nigrum

250 1200 393 1238 Ilicibis
412 1201 549 1238 crebris
569 1214 673 1238 sacra
690 1213 823 1238 nemus
842 1201 999 1238 accubet
1018 1200 1164 1238 umbra.

250 1253 351 1291 Tum
370 1257 504 1291 tenues
524 1254 611 1291 dare
629 1266 759 1290 rursus
779 1267 904 1302 aquas,
925 1257 963 1291 et
983 1267 1132 1303 pascere
1150 1266 1281 1290 rursus

251 1307 347 1345 Solis
368 1308 415 1345 ad
434 1320 619 1352 occasum,
639 1320 757 1357 quum
776 1307 936 1357 frigidus
956 1313 1041 1344 ae'ra
1058 1320 1190 1356 vesper

250 1360 465 1411 Temperat,
485 1363 524 1398 et
543 1360 663 1397 saltus
681 1360 802 1397 reficit
816 1360 896 1410 jam
914 1360 1059 1397 roscida
1077 1359 1179 1405 luna,

249 1413 456 1464 Litoraque
475 1414 657 1464 alcyonen
675 1416 864 1459 resonant,
885 1413 1122 1450 acalanthida
1141 1412 1259 1450 dumi.

250 1467 352 1513 Quid
370 1467 442 1505 tibi
460 1470 628 1517 pastores
646 1466 791 1516 Libyae,
811 1467 901 1516 quid
921 1479 1058 1516 pascua
1076 1479 1188 1503 versu

250 1520 472 1570 Prosequar,
492 1522 530 1557 et
549 1520 641 1557 raris
659 1520 833 1557 habitata
851 1520 1010 1569 mapalia
1027 1519 1140 1556 tectis
1155 1519 1172 1556 ¹?

250 1573 358 1624 Saepe
377 1574 477 1611 diem
495 1576 732 1622 noctemque,
752 1578 790 1610 et
808 1575 938 1610 totum
957 1587 1001 1610 ex
1021 1572 1149 1609 ordine
1169 1584 1337 1609 mensem

249 1627 426 1665 Pascitur
444 1627 549 1676 itque
568 1639 680 1676 pecus
699 1626 814 1676 longa
830 1626 870 1663 in
889 1626 1036 1663 deserta
1054 1626 1132 1662 sine
1151 1625 1237 1661 ullis

249 1681 462 1731 Hospitiis:
490 1682 646 1717 tantum
665 1679 786 1729 campi
798 1680 911 1729 jacet.
968 1679 1106 1716 Omnia
1124 1691 1252 1716 secum

248 1733 513 1771 Armentarius
534 1733 625 1770 Afer
644 1732 736 1783 agit,
754 1735 975 1782 tectumque
995 1732 1206 1781 Laremque

248 1787 441 1836 Armaque
453 1787 764 1837 Amyclaeumque
779 1799 909 1823 canem
924 1785 1169 1834 Cressamque
1183 1784 1399 1834 pharetram
1414 1800 1421 1820 :

249 1840 338 1877 Non
361 1854 465 1878 secus
485 1853 527 1878 ac
545 1839 678 1890 patriis
697 1853 780 1876 acer
799 1839 995 1877 Romanus
1013 1839 1053 1876 in
1073 1838 1186 1875 armis

248 1892 399 1944 Injusto
420 1894 489 1931 sub
508 1894 606 1931 fasce
624 1893 725 1930 viam
746 1906 864 1942 quum
883 1892 1015 1942 carpit,
1035 1894 1073 1929 et
1092 1890 1196 1928 hosti

246 1947 350 1984 Ante
369 1949 629 1996 exspectatum
647 1946 780 1996 positis
799 1948 877 1983 stat
895 1946 934 1983 in
953 1945 1102 1995 agmine
1121 1943 1264 1981 castris.

249 2001 304 2036 At
322 2013 410 2045 non,
430 2013 504 2048 qua
522 1999 690 2050 Scythiae
710 2002 842 2049 gentes
861 1999 1088 2047 Maeotiaque
1107 1997 1219 2043 unda,

247 2052 440 2089 Turbidus
459 2055 498 2089 et
516 2055 696 2101 torquens
716 2052 896 2089 flaventes
916 2051 1052 2088 Hister
1070 2063 1211 2095 arenas,

248 2105 403 2155 Quaque
422 2105 520 2143 redit
539 2105 706 2142 medium
725 2105 910 2154 Rhodope
929 2105 1100 2153 porrecta
1118 2103 1187 2140 sub
1207 2115 1325 2139 axem.

248 2157 333 2196 Ilh'c
352 2159 477 2196 clausa
494 2160 627 2195 tenent
647 2158 804 2195 stabulis
824 2159 1014 2201 armenta3
1042 2168 1162 2205 neque
1180 2155 1269 2192 ullae

246 2211 329 2249 Aut
348 2212 475 2249 herbae
494 2224 624 2261 campo
643 2214 824 2261 apparent
843 2213 909 2247 aut
929 2210 1057 2247 arbore
1076 2208 1247 2254 frondes;

246 2264 321 2301 Sed
333 2264 435 2314 jacet
455 2265 653 2315 aggeribus
673 2264 790 2301 niveis
808 2263 979 2300 informis
1003 2265 1041 2299 et
1061 2262 1139 2299 alto

245 2317 363 2355 Terra
380 2318 469 2368 gelu
486 2318 573 2363 late,
593 2320 810 2367 septemque
824 2316 987 2365 assurgit
1006 2316 1045 2352 in
1064 2316 1192 2352 ulnas:

245 2370 399 2420 Semper
417 2371 549 2417 hiems,
569 2384 714 2420 semper
733 2371 916 2420 spirantes
935 2369 1075 2418 frigora
1089 2368 1212 2405 Cauri.

245 2423 347 2461 Tum
367 2425 431 2461 Sol
448 2424 631 2474 pallentes
650 2424 752 2461 haud
770 2436 937 2473 unquam
956 2422 1113 2459 discutit
1131 2421 1305 2458 umbras:

244 2477 328 2514 Nec
347 2491 465 2527 quum
483 2477 655 2514 invectus
675 2477 779 2527 equis
798 2477 919 2513 altum
937 2475 1035 2525 petit
1055 2474 1219 2520 aethera3
1246 2487 1315 2512 nec
1333 2486 1452 2524 quum

245 2530 486 2580 Pracipitem
506 2531 633 2568 oceani
652 2531 765 2568 rubro
784 2530 877 2566 lavit
897 2542 1045 2578 aequore
1065 2541 1228 2565 currum.

245 2583 502 2622 Concrescunt
521 2584 658 2622 subitae
677 2583 843 2621 currenti
860 2583 901 2619 in
919 2581 1074 2619 flumine
1093 2583 1242 2627 crustae,
