1705 2744
212 107 262 144 22
616 118 652 146 P.
671 117 857 144 vrneun
875 117 1063 145 immonis

211 213 390 259 Deferar;
419 214 629 251 extremum
647 213 719 251 hoc
738 226 875 250 munus
894 213 1090 251 morientis
1107 213 1260 252 habeto.

211 265 354 304 Desine
374 266 584 313 Maenalios,
598 267 679 317 jam
698 267 836 313 desine,
855 267 960 312 tibia,
979 267 1148 304 versus.''

265 319 361 357 Haec
381 319 554 358 Damon:
583 333 662 367 vos,
682 334 764 370 quae
782 320 1016 370 responderit
1034 320 1312 370 Alphesiboeus.

213 372 353 420 Dicite,
373 373 563 420 Pierides;
590 387 666 410 non
686 373 811 410 omnia
830 387 1028 423 possumus
1047 387 1188 411 omnes.

264 426 397 464 ALPH.
419 429 440 445 ‘⁶
453 426 559 463 Effer
577 440 723 477 aquam,
744 428 782 464 et
801 427 906 463 molh'
925 426 1033 477 cinge
1051 426 1131 464 haec
1151 427 1285 464 altaria
1296 426 1409 474 vitta,

211 479 476 529 Verbenasque
495 480 600 517 adole
618 479 776 530 pingues
795 482 834 517 et
852 480 1018 517 mascula
1034 480 1162 518 thura.

212 532 394 583 Conjugis
412 535 458 570 ut
476 533 631 583 magicis
651 546 760 570 sanos
779 535 947 570 avertere
965 533 1077 570 sacris

211 586 396 636 Experiar
414 599 565 633 sensus3
593 586 690 623 nihil
707 586 769 623 hic
788 585 862 622 nisi
880 586 1048 623 carmina
1065 586 1216 623 desunt.

210 639 353 677 Ducite
372 640 418 677 ab
437 640 529 677 urbe
548 640 713 686 domum,
733 652 818 676 mea
836 639 1013 685 carmina,
1033 639 1160 677 ducite
1178 639 1374 689 Daphnin.

212 692 390 730 Carmina
407 692 467 730 vel
487 693 579 730 coelo
598 694 757 743 possunt
776 692 956 730 deducere
974 693 1126 739 lunam3

212 745 452 783 Carminibus
472 745 578 784 Circe
598 746 716 783 socios
735 745 903 783 mutavit
922 745 1050 792 Ulixi;

211 798 390 849 Frigidus
408 799 449 836 in
467 800 586 849 pratis
604 799 791 837 cantando
809 799 1000 849 rumpitur
1019 798 1165 849 anguis.

210 851 353 890 Ducite
371 853 418 890 ab
436 853 528 890 urbe
547 853 713 899 domum,
731 866 816 890 mea
833 853 1009 899 carmina,
1029 852 1155 890 ducite
1174 851 1370 903 Daphnin.

210 905 336 943 Terna
352 905 425 943 tibi
442 906 523 944 haec
541 906 707 956 primum
725 906 867 956 triplici
885 906 1031 943 diversa
1050 906 1171 944 colore

210 958 318 996 Licia
335 959 538 1007 circumdo,
556 962 688 1010 terque
706 959 786 997 haec
805 959 938 997 altaria
957 960 1097 997 circum

210 1012 390 1062 Effigiem
409 1013 526 1059 duco;
554 1026 711 1051 numero
731 1013 822 1051 deus
839 1013 982 1063 impare
1001 1012 1154 1064 gaudet.

210 1065 353 1104 Ducite
373 1066 419 1103 ab
438 1067 530 1104 urbe
549 1067 716 1113 domum,
735 1079 820 1104 mea
838 1065 1015 1113 carmina,
1035 1066 1161 1103 ducite
1179 1064 1375 1115 Daphnin.

210 1118 336 1156 Necte
354 1120 478 1157 tribus
497 1120 605 1157 nodis
624 1122 764 1166 ternos,
784 1119 983 1170 Amarylli,
1003 1119 1165 1165 colores3

209 1172 348 1219 Necte,
367 1173 566 1223 Amarylli,
585 1173 721 1220 modo;
750 1175 789 1210 et
808 1173 976 1220 Veneris,
996 1173 1067 1219 dic,
1086 1171 1237 1209 vincula
1254 1172 1380 1208 necto.

210 1225 354 1263 Ducite
372 1227 419 1264 ab
437 1227 529 1264 urbe
548 1227 715 1273 domum,
729 1240 814 1264 mea
832 1226 1008 1273 carmina,
1028 1226 1154 1265 ducite
1172 1224 1367 1275 Daphnin.

210 1278 346 1316 Limus
364 1281 409 1317 ut
428 1279 490 1317 hic
510 1280 686 1327 durescit,
706 1282 745 1317 et
764 1280 843 1317 haec
861 1282 907 1317 ut
927 1293 1010 1317 cera
1027 1279 1180 1329 liquesit

211 1331 301 1370 Uno
320 1333 525 1383 eodemque
543 1333 645 1384 igni:
675 1333 727 1370 sic
745 1336 876 1371 nostro
896 1333 1070 1383 Daphnis
1089 1345 1226 1370 amore.

211 1385 355 1436 Sparge
373 1386 525 1432 molam,
545 1389 584 1424 et
603 1387 754 1437 fragiles
773 1387 930 1424 incende
949 1386 1136 1423 bitumine
1155 1386 1301 1422 lauros:

212 1438 387 1489 Daphnis
406 1453 467 1477 me
485 1440 606 1477 malus
625 1440 715 1487 urit,
735 1454 804 1490 ego
822 1440 920 1477 hanc
939 1439 979 1476 in
998 1438 1200 1489 Daphnide
1218 1438 1380 1475 laurum.

213 1491 354 1530 Ducite
374 1493 420 1530 ab
438 1493 531 1530 urbe
550 1493 716 1540 domum,
735 1506 819 1531 mea
838 1493 1014 1539 carmina,
1034 1492 1160 1530 ducite
1179 1491 1374 1541 Daphnin.

211 1545 314 1582 Talis
334 1559 439 1584 amor
458 1546 652 1596 Daphnin,
672 1547 790 1597 qualis
810 1560 927 1597 quum
945 1546 1042 1583 fessa
1054 1546 1262 1596 juvencum

208 1597 284 1636 Per
303 1612 462 1637 nemora
480 1602 593 1649 atque
612 1600 708 1637 altos
727 1600 925 1649 quaerendo
943 1599 1080 1637 bucula
1096 1598 1201 1636 lucos

209 1651 372 1702 Propter
390 1666 496 1703 aquae
513 1653 638 1690 rivum
656 1653 770 1690 viridi
788 1653 1003 1703 procumbit
1021 1653 1061 1689 in
1079 1653 1179 1699 ulva,

214 1704 382 1752 Perdita,
401 1720 470 1744 nec
489 1719 579 1744 serae
597 1707 772 1744 meminit
791 1707 966 1744 decedere
984 1706 1142 1744 nocti—

211 1758 314 1796 Talis
334 1772 440 1797 amor
457 1762 599 1806 teneat,
618 1773 686 1797 nec
706 1760 756 1797 sit
775 1760 871 1797 mihi
889 1773 977 1797 cura
994 1759 1147 1797 mederi.

211 1811 353 1850 Ducite
372 1813 418 1850 ab
436 1812 528 1850 urbe
548 1813 714 1860 domum,
733 1827 818 1851 mea
836 1813 1013 1860 carmina,
1033 1813 1160 1850 ducite
1178 1811 1374 1862 Daphnin.

211 1864 296 1902 Has
316 1866 405 1903 olim
425 1866 577 1905 exuvias
596 1867 694 1904 mihi
712 1867 876 1917 perfidus
895 1867 957 1904 ille
975 1866 1128 1917 reliquit

211 1917 379 1967 Pignora
397 1933 482 1956 cara
501 1920 569 1966 sui,
589 1934 673 1970 quae
691 1934 792 1958 nunc
811 1934 881 1970 ego
899 1920 1029 1958 limine
1047 1920 1087 1956 in
1105 1919 1198 1969 ipso,

212 1970 339 2018 Terra,
358 1972 431 2009 tibi
449 1973 587 2010 mando
602 1990 609 2020 3
638 1974 778 2012 debent
796 1974 876 2011 haec
894 1973 1053 2024 pignora
1071 1971 1265 2022 Daphnin.

210 2023 352 2062 Ducite
371 2025 417 2062 ab
435 2026 527 2064 urbe
547 2027 714 2072 domum,
733 2040 818 2064 mea
836 2027 1013 2073 carmina,
1033 2026 1161 2062 ducite
1178 2022 1375 2074 Daphnin.

212 2077 297 2114 Has
316 2078 450 2116 herbas
470 2082 583 2129 atque
601 2080 681 2118 haec
701 2080 828 2117 Ponto
846 2079 942 2116 mihi
959 2079 1058 2117 lecta
1076 2091 1220 2116 venena

213 2129 302 2179 Ipse
323 2131 427 2169 dedit
446 2132 603 2179 Moeris3
630 2136 840 2171 nascuntur
857 2132 1020 2183 plurima
1039 2132 1177 2169 Ponto.

213 2182 289 2220 His
309 2197 378 2234 ego
397 2198 494 2235 saepe
512 2185 644 2235 lupum
663 2187 744 2224 fieri
763 2188 802 2224 et
822 2200 860 2224 se
879 2186 1036 2224 condere
1055 2185 1158 2222 silvis

212 2236 368 2284 Moerin,
389 2251 485 2288 saepe
504 2239 647 2276 animas
666 2240 752 2277 imis
771 2240 891 2277 excire
911 2238 1102 2289 sepulcris,

212 2290 343 2340 Atque
362 2293 462 2328 satas
483 2291 554 2329 alio
574 2292 651 2329 vidi
669 2294 865 2331 traducere
882 2306 1033 2330 messes.

212 2342 354 2381 Ducite
372 2344 419 2381 ab
438 2345 530 2382 urbe
549 2345 715 2392 domum,
734 2360 819 2384 mea
837 2346 1013 2391 carmina,
1029 2344 1155 2382 ducite
1173 2342 1368 2394 Daphnin.

213 2395 289 2433 Fer
308 2396 460 2444 cineres,
479 2398 678 2448 Amarylli,
697 2400 807 2446 foras,
825 2400 980 2449 rivoque
998 2398 1133 2436 fluenti

214 2448 410 2500 Transque
429 2453 543 2501 caput
556 2451 651 2501 jace,
670 2465 738 2489 nec
757 2453 973 2502 respexeris.
1029 2451 1104 2489 His
1124 2464 1194 2502 ego
1213 2449 1397 2500 Daphnin

212 2502 446 2553 Aggrediar3
475 2504 571 2542 nihil
589 2505 652 2542 ille
671 2505 770 2551 deos,
789 2506 844 2542 nil
863 2505 1029 2543 carmina
1048 2507 1166 2542 curat.

211 2554 353 2594 Ducite
370 2557 417 2594 ab
435 2558 528 2595 urbe
547 2558 713 2604 domum,
732 2572 816 2595 mea
834 2559 1011 2605 carmina,
1031 2558 1159 2596 ducite
1178 2556 1374 2608 Daphnin.

215 2609 374 2660 Aspice;
402 2611 584 2662 corripuit
603 2611 775 2650 tremulis
795 2612 928 2650 altaria
946 2611 1107 2650 flammis
