1705 2744
549 92 788 121 GEORGICON
809 92 893 119 LIB.
913 92 972 119 IV.

124 191 338 229 Observans
357 189 446 227 nido
464 188 665 239 implumes
685 187 850 225 detraxit
867 203 874 225 :
896 189 935 224 at
954 187 1018 224 illa

125 245 214 282 Flet
232 245 396 289 noctem,
414 255 593 292 ramoque
612 241 744 279 sedens
762 240 972 278 miserabile
992 253 1142 278 carmen

124 297 315 348 Integrat,
334 298 373 334 et
393 295 536 333 maestis
554 295 632 332 late
650 295 732 332 loca
751 294 945 344 questibus
963 293 1109 344 implet.

123 350 244 388 Nulla
261 350 401 395 Venus,
420 362 498 386 non
516 348 585 385 ulli
604 348 774 385 animum
792 347 927 385 flexere
945 346 1135 398 hymenaei
1152 363 1160 394 ;

123 404 234 442 Solus
253 403 503 454 hyperboreas
522 401 659 452 glacies
679 401 911 450 Tanaimque
929 401 1104 446 nivalem,

123 458 302 506 Arvaque
322 456 491 506 Rhipaeis
510 468 708 504 nunquam
725 455 884 491 viduata
900 454 1045 504 pruinis

123 509 345 555 Lustrabat,
364 511 513 559 raptam
531 508 752 558 Eurydicen
770 510 884 558 atque
902 508 1010 544 irrita
1028 506 1132 544 Ditis

124 563 239 601 Dona
258 576 416 613 querens
433 579 440 600 z
462 564 597 612 spretae
617 562 802 599 Ciconum
821 574 895 610 quo
915 574 1071 598 munere
1090 563 1243 606 matres,

125 615 236 654 Inter
255 629 359 654 sacra
377 616 491 653 deum
509 615 761 664 nocturnique
780 614 885 664 orgia
903 613 1057 659 Bacchi,

124 669 373 720 Discerptum
390 669 488 706 latos
502 669 681 719 juvenem
701 681 867 717 sparsere
886 681 952 717 per
970 680 1092 717 agros.

124 723 227 760 Tum
246 736 406 772 quoque,
426 735 635 759 marmorea
653 723 767 771 caput
786 734 808 757 a
827 720 968 758 cerw'ce
986 720 1180 757 revulsum

125 776 291 826 Gurgite
310 789 429 825 quum
447 775 571 813 medio
590 777 745 825 portans
765 773 944 824 OEagrius
965 773 1121 810 Hebrus

125 829 317 875 Volveret,
339 828 579 878 ‘Eurydicen
596 828 604 843 ⁷
625 841 699 865 vox
716 827 798 877 ipsa
816 830 855 864 et
874 827 1011 877 frigida
1028 826 1172 877 lingua,

126 885 135 901 ‘
150 883 217 920 Ah
235 883 411 919 miseram
430 881 679 932 Eurydicenl'
702 881 828 918 anima
845 880 1016 931 fugiente
1036 880 1194 918 vocabat
1212 896 1219 925 3

125 939 135 954 ‘
148 936 369 986 Eurydicen
382 935 390 950 ’
412 936 497 972 toto
516 934 728 972 referebant
746 934 903 971 flumine
922 933 1052 983 ripae.”

178 989 276 1026 Haec
296 988 477 1026 Proteus:
499 990 538 1025 et
557 1001 596 1025 se
609 987 720 1038 jactu
739 987 843 1025 dedit
863 1000 989 1036 aequor
1007 986 1048 1024 in
1067 986 1189 1024 altum
1206 1002 1214 1032 ;

125 1042 285 1091 Quaque
304 1041 420 1087 dedit,
439 1044 682 1091 spumantem
699 1041 843 1078 undam
862 1041 933 1078 sub
951 1040 1093 1078 vertice
1111 1039 1237 1077 torsit.

125 1096 181 1132 At
200 1109 277 1132 non
297 1094 443 1145 Cyrene
460 1111 468 1141 3
487 1108 651 1144 namque
669 1094 773 1131 ultro
792 1094 907 1131 affata
924 1093 1150 1131 timentem:

179 1151 200 1168 “
216 1149 332 1194 Nate,
351 1148 440 1186 licet
459 1148 589 1185 tristes
608 1148 734 1185 animo
754 1147 938 1197 deponere
957 1160 1077 1184 curas.

126 1201 222 1240 Haec
238 1202 361 1239 omnis
380 1201 503 1239 morbi
523 1215 635 1238 causa
651 1218 658 1248 3
677 1201 767 1238 hinc
786 1200 999 1238 miserabile
1018 1200 1229 1250 Nymphae,

127 1255 227 1292 Cum
246 1255 383 1305 quibus
402 1255 468 1292 issa
486 1254 619 1292 choros
638 1254 733 1291 lucis
753 1254 925 1304 agitabat
944 1254 984 1290 in
1004 1253 1103 1300 altis,

128 1308 305 1346 Exitium
322 1308 457 1346 misere
476 1308 620 1358 apibus.
677 1308 739 1345 Tu
756 1320 915 1345 munera
933 1307 1092 1357 supplex

129 1361 269 1408 Tende‚
289 1364 422 1412 petens
441 1375 584 1412 pacem,
604 1363 643 1399 et
662 1361 788 1399 faciles
807 1374 984 1398 venerare
999 1361 1183 1410 Napaeas:

129 1415 307 1464 Namque
326 1415 473 1453 dabunt
491 1415 641 1453 veniam
658 1414 771 1460 votis,
790 1414 939 1463 irasque
957 1414 1170 1451 remittent.

130 1468 215 1514 Sed,
234 1469 370 1506 modus
389 1469 520 1506 orandi
539 1468 605 1518 qui
623 1468 685 1514 sit,
704 1468 809 1518 prius
828 1468 958 1505 ordine
977 1467 1113 1505 dicam.

132 1521 307 1567 Quatuor
325 1521 482 1559 eximios
501 1521 700 1572 praestanti
714 1535 867 1571 corpore
885 1523 1028 1567 tauros,

132 1574 209 1620 Qui
226 1574 299 1612 tibi
316 1588 418 1612 nunc
436 1575 566 1612 viridis
586 1575 794 1625 depascunt
814 1587 965 1611 summa
983 1573 1123 1624 Lycaei,

132 1627 281 1678 Delige,
300 1630 339 1665 et
356 1628 502 1666 intacta
519 1628 683 1666 totidem
702 1628 844 1666 cervice
857 1627 1050 1678 juvencas.

133 1680 309 1726 Quatuor
326 1681 386 1718 his
405 1695 486 1719 aras
506 1681 581 1718 alta
598 1681 646 1718 ad
665 1681 821 1718 delubra
839 1682 995 1718 dearum

133 1733 348 1780 Constitue,
367 1736 406 1772 et
425 1747 574 1772 sacrum
587 1734 733 1785 jugulis
753 1734 913 1772 demitte
932 1746 1103 1771 cruorem
1119 1748 1128 1780 3

132 1786 373 1837 Corporaque
390 1787 472 1838 ipsa
488 1788 607 1825 boum
624 1787 800 1825 frondoso
819 1787 944 1825 desere
962 1786 1058 1824 luco.

133 1839 240 1886 Post,
260 1841 327 1878 ubi
345 1854 446 1878 nona
464 1854 551 1878 suos
571 1854 705 1878 aurora
723 1841 931 1878 ostenderit
951 1842 1070 1877 ortus.

134 1892 295 1931 Inferias
316 1893 458 1943 Orphei
476 1894 635 1932 Lethaea
652 1907 838 1945 papavera
853 1894 986 1931 mittes
1001 1909 1009 1939 3

134 1945 333 1984 Placatam
352 1947 572 1998 Eurydicen
590 1947 715 1985 vitula
732 1947 955 1985 venerabere
974 1959 1079 1992 caesa,

133 1999 190 2038 Et
208 2000 356 2051 nigram
375 2001 558 2039 mactabis
578 2015 698 2047 ovem,
716 2001 922 2050 lucumque
939 1998 1116 2037 revises.”

187 2053 308 2091 Haud
326 2067 452 2092 mora:
474 2054 656 2092 continuo
675 2054 808 2091 matris
826 2055 1016 2104 praecepta
1033 2051 1196 2091 facessit.

133 2107 198 2144 Ad
216 2107 371 2145 delubra
388 2108 493 2145 venit
508 2125 516 2154 ;
535 2110 766 2145 monstratas
785 2107 927 2145 excitat
945 2120 1026 2144 aras
1041 2123 1049 2154 ;

137 2160 312 2206 Quatuor
331 2161 486 2199 eximios
504 2161 703 2212 praestanti
722 2174 875 2211 corpore
893 2163 1024 2198 tauros

135 2213 267 2261 Ducit,
287 2216 325 2252 et
343 2215 491 2253 intacta
506 2215 671 2253 totidem
690 2215 832 2252 cervice
844 2215 1039 2265 juvencas.

136 2266 242 2314 Post,
261 2267 328 2305 ubi
346 2281 446 2306 nona
464 2282 551 2306 suos
570 2281 705 2306 aurora
722 2268 924 2305 induxerat
943 2269 1062 2313 ortus,

136 2319 296 2358 Inferias
316 2320 459 2372 Orphei
475 2322 613 2368 mittit,
631 2321 836 2371 lucumque
854 2321 998 2359 revisit.

136 2372 216 2411 Hic
233 2387 322 2412 vero
341 2375 512 2413 subitum
533 2389 575 2413 ac
594 2375 702 2413 dictu
718 2375 890 2413 mirabile
908 2375 1126 2412 monstrum

138 2425 353 2476 Aspiciunt,
372 2428 576 2478 liquefacta
592 2429 710 2467 boum
727 2442 794 2479 per
811 2428 955 2466 viscera
971 2429 1058 2465 toto

139 2478 304 2518 Stridere
323 2495 409 2531 apes
428 2484 550 2528 utero,
570 2484 609 2520 et
628 2482 751 2533 ruptis
767 2482 943 2520 effervere
963 2481 1077 2519 costis
1094 2496 1103 2527 ;

139 2530 424 2584 Immensasque
442 2536 545 2573 trahi
562 2536 682 2573 nubes
697 2552 705 2582 ;
732 2536 887 2586 jamque
906 2535 1037 2572 arbore
1055 2546 1206 2572 summa

141 2583 349 2635 confluere,
367 2589 406 2626 et
423 2588 538 2627 lentis
556 2602 672 2627 uvam
691 2588 891 2627 demittere
909 2588 1036 2626 ramis.

756 2653 790 2681 H

1342 83 1394 121 97
