1705 2744
640 112 830 140 AENEIDOS
848 112 932 139 Lm.
952 112 1000 139 Π.

187 209 263 247 Sed
279 209 447 260 graviter
465 208 630 260 gemitus
648 208 726 246 imo
746 208 792 246 de
809 211 961 259 pectore
980 207 1131 254 ducens,

187 267 197 283 ‘
210 263 322 301 Heu!
351 263 452 314 fuge,
470 264 560 300 nate
579 262 658 310 dea,
676 264 790 312 teque
808 262 894 309 hjs,’
915 262 981 308 ait,
1001 264 1010 280 ‘
1023 261 1122 311 eripe
1140 259 1313 298 flammis.

186 316 326 354 Hostis
344 317 460 354 habet
478 329 628 362 muros3
655 316 734 353 ruit
753 315 831 353 alto
851 329 872 353 a
891 315 1052 353 culmine
1071 313 1196 364 Troja.

186 370 255 407 Sat
273 370 408 420 patriae
429 369 654 420 Priamoque
673 369 818 406 datum.
877 368 918 406 Si
936 368 1124 419 Pergama
1142 367 1275 405 dextra

184 422 351 461 Defendi
368 425 533 474 possent,
554 423 670 461 etiam
687 422 759 460 hac
779 422 930 460 defensa
947 422 1120 459 fuissent.

186 476 299 514 Sacra
317 490 477 527 suosque
494 476 568 514 tibi
587 476 827 514 commendat
847 476 960 526 Troja
977 478 1155 525 penates;

185 529 272 567 Hos
292 544 381 581 cape
400 530 566 568 fatorum
585 529 742 568 comites
758 546 765 576 ;
793 529 854 566 his
873 529 1013 566 moenia
1032 541 1168 577 quaere,

185 583 332 635 Magna
350 586 540 634 pererrato
560 585 706 621 statues
725 595 806 633 quae
826 583 986 633 denique
1005 581 1149 632 ponto.’

183 1115 244 1153 Sic
264 1115 339 1162 ait3
367 1117 406 1153 et
425 1114 599 1152 manibus
616 1114 735 1151 vittas
754 1113 985 1163 Vestamque
1003 1114 1202 1162 potentem

182 1169 459 1219 AEternumque
478 1168 602 1218 adytis
622 1167 729 1205 effert
747 1167 1001 1217 penetralibus
1020 1166 1160 1216 ignem.

236 1225 256 1242 ‘⁶
269 1222 430 1260 Diverso
448 1222 592 1259 interea
609 1221 817 1259 miscentur
835 1220 975 1258 moenia
992 1219 1120 1265 luctu;

181 1275 238 1313 Et
256 1276 378 1326 magis
398 1278 511 1326 atque
529 1275 663 1326 magiS‚
683 1287 899 1325 quanquam
917 1276 1060 1311 secreta
1078 1272 1245 1322 parentis

180 1329 360 1367 Anchisae
380 1329 513 1367 domus
534 1328 802 1379 arboribusque
822 1328 975 1365 obtecta
992 1326 1158 1372 recessit,

181 1381 403 1420 Clarescunt
423 1383 581 1430 sonitus,
601 1395 865 1432 armorumque
883 1381 1029 1431 ingruit
1048 1380 1191 1418 horror.

180 1435 367 1474 Excutior
385 1450 528 1484 somno,
548 1438 587 1474 et
606 1435 745 1473 summi
762 1435 915 1486 fastigia
931 1434 1027 1472 tecti

180 1489 353 1527 Ascensu
371 1503 516 1540 supero,
537 1492 650 1540 atque
670 1489 823 1527 arrectis
842 1489 993 1526 auribus
1013 1487 1121 1525 adsto
1136 1503 1144 1533 3

181 1541 232 1578 In
251 1544 418 1592 segetem
436 1543 557 1581 veluti
575 1556 693 1593 quum
711 1543 865 1579 flamma
881 1541 1094 1579 furentibus
1115 1539 1252 1577 austris

182 1594 337 1642 Incidit,
357 1600 423 1634 aut
442 1596 593 1646 rapidus
612 1598 794 1633 montano
814 1595 968 1633 flumine
986 1598 1134 1632 torrens

181 1647 328 1686 Sternit
347 1662 468 1700 agros,
488 1649 625 1687 sternit
645 1652 727 1686 sata
744 1650 833 1686 laeta
850 1649 1039 1697 boumque
1058 1647 1215 1690 labores,

180 1701 472 1752 Praecipitesque
489 1703 612 1740 trahit
631 1702 743 1740 silvas
760 1719 768 1749 3
797 1704 926 1752 stupet
944 1701 1086 1738 inscius
1106 1700 1184 1737 alto

186 1755 380 1805 Accipiens
400 1756 570 1793 sonitum
588 1756 667 1793 saxi
685 1756 731 1793 de
749 1755 890 1793 vertice
908 1757 1048 1805 pastor.

180 1807 282 1845 Tum
300 1822 389 1846 vero
407 1809 609 1846 manifesta
626 1809 731 1855 fides,
749 1809 1001 1858 Danaumque
1019 1808 1220 1857 patescunt

180 1861 348 1899 Insidiae.
405 1862 433 1899 J
435 1876 497 1899 am
517 1862 709 1912 Deiphobi
727 1862 831 1899 dedit
851 1862 976 1911 ampla
993 1861 1154 1904 ruinam,

178 1915 349 1953 Vulcano
370 1918 581 1966 superante,
601 1916 757 1962 domus3
779 1915 861 1965 jam
879 1915 1072 1965 proximus
1091 1913 1196 1951 ardet

178 1968 375 2019 Ucalegon
389 1986 397 2015 3
427 1969 537 2019 Sigea
555 1969 638 2019 igni
655 1969 753 2007 freta
770 1969 850 2006 lata
866 1968 1035 2006 relucent
1049 1984 1057 2005 :

178 2021 364 2060 Exoritur
382 2022 596 2072 clamorque
613 2022 738 2060 virum
757 2022 982 2072 clangorque
1000 2021 1191 2058 tubarum.

177 2076 299 2113 Arma
317 2090 445 2114 amens
465 2076 592 2126 capi03
619 2090 688 2114 nec
707 2078 766 2113 sat
783 2075 941 2113 rationis
959 2075 999 2112 in
1018 2074 1153 2111 armis:

178 2129 253 2166 Sed
270 2130 478 2180 glomerare
496 2142 653 2167 manum
670 2129 779 2175 bello,
799 2131 838 2166 et
856 2141 1074 2166 concurrere
1092 2128 1133 2164 in
1151 2138 1275 2163 arcem

178 2182 277 2220 Cum
296 2183 404 2221 sociis
424 2183 558 2221 ardent
577 2183 705 2220 animi.
761 2183 884 2220 Furor
902 2183 1030 2232 iraque
1048 2182 1219 2218 mentem

178 2236 447 2287 Praecipitant;
475 2236 751 2287 pulchrumque
769 2236 867 2274 mori
885 2235 1069 2273 succurrit
1088 2235 1128 2271 in
1147 2231 1272 2271 armis.

231 2293 252 2310 ‘⁴
265 2291 364 2328 Ecce
384 2294 513 2328 autem
529 2290 617 2328 telis
636 2290 812 2327 Panthus
831 2290 977 2340 elapsus
996 2288 1199 2332 Achivum,

178 2343 352 2382 Panthus
372 2344 600 2394 Othryades,
619 2344 713 2381 arcis
732 2343 943 2393 Phoebique
962 2342 1143 2387 sacerdos

179 2396 290 2435 Sacra
306 2411 423 2434 manu
441 2397 636 2447 victosque
655 2398 754 2443 deos,
773 2410 1006 2447 parvumque
1024 2398 1204 2446 nepotem

179 2449 266 2500 Ipse
284 2451 417 2497 trahit,
437 2464 621 2501 cursuque
640 2464 769 2488 amens
789 2451 837 2488 ad
854 2450 986 2487 limina
1003 2449 1141 2487 tendit.

1377 100 1453 140 131

179 2506 188 2522 ‘
201 2504 283 2550 Quo
302 2517 360 2542 res
379 2518 527 2542 summa
544 2504 638 2551 loco,
658 2504 846 2542 Panthu?
876 2517 989 2554 quam
1007 2502 1225 2553 prendimus
1246 2514 1369 2539 arcem
1383 2499 1413 2537 'r’

178 2556 253 2595 Vix
271 2571 314 2596 ea
331 2557 432 2595 fatus
451 2571 564 2603 eram,
584 2558 733 2608 gemitu
752 2571 870 2608 quum
887 2557 980 2594 talia
998 2557 1122 2594 reddit
1137 2573 1144 2593 :

179 2612 188 2629 ‘
199 2610 316 2649 Venit
335 2625 483 2649 summa
502 2611 580 2649 dies
600 2614 639 2649 et
657 2611 898 2649 ineluctabile
916 2613 1067 2661 tempus
