1705 2744
251 104 325 142 188
657 113 692 140 P.
713 113 899 140 V1RG1L11
918 112 1104 140 Minionis
1350 90 1372 113 ⁸

251 209 434 246 Exercete
454 208 570 254 odiis3
599 208 786 258 cinerique
805 208 886 245 haee
905 208 1050 246 mittite
1069 211 1199 246 nostro

251 262 425 299 Munera.
479 261 619 298 Nullus
639 275 744 298 amor
762 261 920 311 popuIiS,
940 274 1008 299 nec
1027 262 1167 299 soedera
1185 264 1310 299 sunto.

252 315 432 352 Exoriare
451 314 583 363 aliquis
602 314 741 352 nostris
760 327 804 351 ex
823 314 967 352 ossibus
986 314 1099 361 ultor,

254 367 328 414 Qui
347 367 426 405 face
446 367 656 404 Dardanios
676 368 845 416 ferroque
865 380 1017 416 sequare
1037 367 1198 413 colonos,

253 420 380 467 Nunc,
400 421 501 465 olim,
522 434 756 470 quocumque
775 420 919 457 dabunt
939 434 978 458 se.
995 426 1165 470 tempore
1184 420 1292 458 vires.

252 473 385 511 Litora
403 473 577 511 litoribus
597 473 795 519 contraria,
814 473 992 510 fluctibus
1012 474 1131 510 undas

253 526 456 576 Imprecor,
476 540 580 563 arma
598 526 733 572 armis,
760 528 933 576 pugnent
952 526 1095 576 ipsique
1114 526 1383 579 nepotesque&
1414 558 1421 561 „
1446 548 1447 551 ¹

306 580 403 616 Haec
423 579 488 625 ait,
509 581 547 617 et
566 582 692 629 partes
711 579 876 616 animum
898 579 1072 616 versabat
1089 579 1130 616 in
1149 593 1290 626 omnes,

252 631 421 669 Invisam
442 646 610 682 quaerens
630 646 744 682 quam
761 632 927 682 primum
946 632 1166 682 abrumpere
1184 632 1319 670 lucem.

253 685 354 722 Tum
371 686 538 723 breviter
556 685 703 723 Barcen
720 685 910 722 nutricem
929 686 1044 722 affata
1063 685 1210 736 Sychaei
1226 702 1234 732 ;

253 738 430 788 Namque
449 752 556 775 suam
575 738 698 788 patria
717 738 873 788 antiqua
892 738 984 776 cinis
1004 740 1085 775 ater
1103 739 1289 776 habebat:

253 792 442 828 “Annam
461 805 546 829 cara
564 792 659 828 mihi
679 791 810 828 nutrix
828 791 903 828 huc
923 791 1014 829 siste
1033 805 1220 838 sororem3

254 844 338 891 Dic,
358 858 492 895 corpus
510 847 686 895 properet
704 845 846 881 fluviali
865 858 1038 894 spargere
1056 845 1225 895 lympha,

253 897 309 935 Et
327 898 486 948 pecudes
506 911 632 935 secum
651 900 689 935 et
708 900 921 935 monstrata
938 897 1084 947 piacula
1103 898 1238 936 ducat:

254 951 315 988 Sic
334 951 461 988 veniat
476 968 484 997 ;
511 953 630 1000 tuque
649 951 730 1001 ipsa
747 951 810 1001 pia
827 953 915 1000 tege
933 954 1106 1001 tempora
1123 951 1235 989 vitta.

254 1004 368 1041 Sacra
385 1004 414 1041 J
415 1004 477 1042 ovi
496 1004 643 1054 Stygio,
663 1017 747 1053 quae
767 1003 840 1041 rite
858 1004 1008 1054 incepta
1025 1004 1165 1054 paravi,

254 1057 439 1095 Perficere
458 1060 515 1095 est
535 1057 693 1104 animus,
713 1058 900 1106 finemque
918 1057 1110 1106 imponere
1129 1057 1249 1103 curis3

254 1110 511 1160 Dardaniique
529 1124 665 1161 rogum
684 1110 817 1160 capitis
836 1110 1056 1160 permittere
1075 1109 1277 1148 flammae.’'

254 1163 316 1201 Sic
335 1164 400 1200 ait.
457 1164 529 1201 Illa
548 1164 705 1214 gradum
726 1163 852 1201 studio
872 1163 1057 1201 celerabat
1077 1163 1181 1200 anili.

258 1218 313 1254 At
332 1217 480 1266 trepida
498 1219 536 1254 et
555 1217 688 1266 coeptis
707 1217 934 1254 immanibus
954 1217 1065 1254 effera
1083 1216 1196 1263 Dido,

259 1269 513 1319 Sanguineam
532 1270 685 1307 volvens
705 1270 833 1316 aciem,
852 1269 1082 1318 maculisque
1100 1270 1306 1307 trementes

258 1322 452 1360 Interfusa
469 1336 594 1372 genas,
614 1325 653 1360 et
672 1322 811 1373 palh'da
828 1325 951 1360 morte
970 1322 1109 1369 futura,

257 1375 448 1413 Interiora
466 1376 599 1413 domus
617 1375 795 1425 irrumpit
813 1375 955 1422 limina,
975 1378 1014 1412 et
1034 1376 1130 1412 altos

258 1428 487 1466 Conscendit
506 1429 708 1466 furibunda
725 1442 848 1479 rogos,
867 1442 1066 1477 ensemque
1085 1427 1245 1465 recludit

257 1481 506 1528 Dardanium,
525 1495 601 1519 non
620 1482 689 1519 hos
708 1482 910 1531 quaesitum
929 1495 1066 1518 munus
1084 1481 1125 1518 in
1143 1494 1246 1518 usus.

258 1534 337 1572 Hic
355 1539 558 1585 postquam
577 1535 712 1572 Iliacas
731 1537 854 1572 vestes
872 1537 1081 1583 notumque
1100 1533 1221 1571 cubile

259 1587 477 1637 Conspexit,
496 1588 651 1638 paulum
669 1588 831 1625 lacrimis
851 1590 890 1625 et
910 1589 1037 1624 mente
1055 1589 1214 1634 morata,

259 1640 515 1690 Incubuitque
533 1643 630 1688 toro,
650 1641 818 1690 dixitque
836 1640 1040 1678 novissima
1057 1640 1192 1677 verba:

259 1696 280 1713 ‘⁶
297 1693 435 1731 Dulees
455 1694 607 1740 exuviae,
627 1694 717 1731 dum
737 1694 816 1731 fata
834 1694 998 1742 deusque
1017 1693 1202 1739 sinebant,

258 1746 431 1797 Accipite
449 1747 548 1784 hanc
567 1747 742 1793 animam,
761 1760 894 1796 meque
912 1746 971 1783 his
991 1745 1170 1783 exsolvite
1189 1745 1299 1783 curis.

259 1799 360 1846 Vixi,
380 1802 430 1846 et,
450 1813 563 1850 quem
582 1801 734 1838 dederat
754 1813 905 1837 cursum
922 1799 1086 1845 fortuna,
1105 1799 1254 1850 peregi3

260 1852 315 1889 Et
334 1867 434 1890 nunc
453 1866 593 1903 magna
610 1853 685 1891 mei
704 1853 773 1890 sub
791 1855 911 1890 terras
929 1852 1003 1889 ibit
1020 1851 1160 1902 imago.

260 1905 405 1943 Urbem
423 1906 639 1956 praeclaram
657 1906 798 1952 statui3
824 1919 908 1943 mea
925 1905 1065 1943 moenia
1081 1904 1180 1952 vidi3

261 1957 357 1995 Ulta
374 1959 509 2006 virum,
528 1973 657 2009 poenas
675 1959 828 1996 inimico
847 1972 869 1996 a
886 1958 1002 1996 fratre
1020 1957 1163 2008 recepi:

263 2010 382 2057 Felix,
401 2011 476 2049 heu
494 2012 655 2049 nimium
673 2013 773 2058 felix,
793 2012 825 2049 si
841 2011 954 2049 litora
971 2013 1126 2049 tantum

261 2063 469 2114 Nunquam
489 2065 690 2102 Dardaniae
707 2065 927 2114 tetigissent
944 2066 1075 2101 nostra
1093 2062 1228 2100 carinae
1241 2061 1277 2098 !''

261 2116 393 2154 Dixit:
423 2119 462 2154 et
481 2131 522 2154 os
541 2117 721 2167 impressa
737 2120 834 2162 toro,
855 2120 875 2136 “
889 2116 1100 2153 Moriemur
1117 2114 1270 2152 inultae!

261 2169 336 2207 Sed
353 2170 558 2207 moriamur
570 2170 606 2207 !''
636 2170 702 2207 ait.
758 2173 778 2188 ‘⁶
792 2169 864 2215 Sic,
883 2169 935 2206 sic
948 2168 1060 2219 juvat
1077 2168 1130 2205 ire
1149 2168 1219 2206 sub
1237 2166 1400 2204 umbras.

257 2222 425 2260 Hauriat
444 2223 546 2260 hunc
565 2223 682 2260 oculis
701 2223 831 2272 ignem
849 2221 1008 2259 crudelis
1028 2221 1075 2258 ab
1094 2221 1172 2259 alto

261 2275 474 2322 Dardanus,
493 2278 531 2314 et
550 2278 693 2313 nostrae
713 2288 840 2313 secum
858 2275 954 2312 ferat
973 2274 1100 2311 omina
1116 2272 1291 2312 mortis.''
1366 2288 1384 2314 ο

314 2328 494 2366 Dixerat:
524 2331 637 2379 atque
656 2328 760 2366 illam
778 2328 902 2365 media
919 2327 1020 2365 inter
1038 2327 1132 2364 talia
1149 2327 1246 2364 ferro

260 2381 475 2432 Collapsam
494 2382 680 2432 aspiciunt
699 2381 867 2427 comites,
887 2393 1087 2430 ensemque
1106 2393 1236 2418 cruore

261 2434 521 2484 Spumantem,
542 2448 759 2485 sparsasque
778 2447 924 2472 manus.
980 2433 1022 2470 It
1041 2434 1181 2471 clamor
1199 2432 1248 2470 ad
1265 2431 1343 2468 alta

261 2488 395 2534 Atria3
424 2501 642 2526 concussam
660 2487 866 2525 bacchatur
883 2488 983 2524 fama
1000 2500 1066 2537 per
1084 2487 1228 2524 urbem.

261 2541 469 2588 Lamentis,
489 2541 719 2592 gemituque,
739 2543 777 2578 013
795 2540 955 2578 femineo
973 2540 1124 2576 ululatu

260 2594 381 2632 Tecta
398 2594 588 2643 fremunt,
616 2597 767 2633 resonat
784 2594 933 2645 magnis
951 2593 1194 2644 plangoribus
1213 2590 1352 2629 aether:
