1705 2744
265 107 345 145 240
675 115 711 142 Ρ.
731 114 919 142 VIRGILII
937 114 1127 142 MARoms

266 211 350 258 Ille,
369 210 486 257 vides,
505 223 600 261 pura
612 209 763 261 juvenis
782 209 847 260 qui
865 209 1005 247 nititur
1022 208 1145 255 hasta,

265 264 447 303 Proxima
465 266 566 301 sorte
583 265 691 301 tenet
709 263 804 300 lucis
823 263 915 309 loca,
934 263 1078 313 primus
1099 263 1146 300 ad
1165 276 1273 300 auras

266 317 460 355 AEtherias
479 316 581 354 Italo
600 316 828 354 commixtus
848 315 1032 366 sanguine
1050 318 1181 366 surget

266 371 417 416 Silvius,
437 369 631 407 Albanum
649 382 800 415 nomen,
818 370 887 406 tua
904 371 1082 419 postuma
1099 369 1243 419 proles:

265 424 387 471 Quem
406 423 479 460 tibi
496 422 670 473 longaevo
689 435 814 459 serum
834 421 993 459 Lavinia
1011 422 1148 473 conjux

261 477 414 514 Educet
432 475 536 513 silvis
555 488 696 525 iegem,
714 488 922 525 regumque
940 477 1160 525 parentem:

259 529 374 567 Unde
392 542 512 580 genus
531 528 667 579 Longa
684 531 860 566 nostrum
880 528 1137 565 dominabitur
1155 527 1267 565 Alba.

262 582 464 620 Proximus
482 582 545 620 ille
565 581 715 627 Procas,
735 581 908 632 Trojanae
927 580 1048 631 gloria
1065 581 1204 631 gentiS,

262 636 318 673 Et
339 635 475 686 Capys,
495 637 534 673 et
553 634 750 681 Numitor,
770 636 809 671 et
829 634 894 684 qui
911 636 951 671 te
970 634 1123 671 nomine
1141 633 1274 672 reddet

262 689 403 726 Silvius
423 688 574 734 AEueas,
592 687 734 738 pariter
752 687 895 737 pietate
914 687 974 725 vel
992 687 1106 724 armis

262 741 465 792 Egregius,
485 741 517 779 si
534 754 703 791 unquam
720 740 952 791 regnandam
972 740 1157 790 acceperit
1176 739 1328 777 Albam.

262 795 339 842 Qui
351 794 532 845 juvenes!
561 796 721 844 quantas
741 796 950 839 ostentant,
971 793 1104 843 aspice,
1124 793 1245 831 vires!

262 849 331 895 At,
351 848 417 898 qui
435 848 612 885 umbrata
630 849 769 898 gerunt
788 847 890 884 civili
908 849 1081 897 tempora
1099 857 1267 937 querc?

262 901 322 938 Hi
339 901 413 938 tibi
431 901 683 947 Nomentum,
703 902 742 938 et
762 900 914 945 Gabios,
933 900 1140 950 urbemque
1159 900 1207 937 Fi
1234 913 1356 945 enam,

263 953 322 991 Hi
341 954 548 991 Collatinas
566 953 764 1004 imponent
784 953 978 991 montibus
997 966 1109 999 arces,

266 1007 416 1057 [Laude
434 1006 629 1057 pudicitiae
648 1007 821 1053 celebres,
840 1007 1054 1056 addentque
1073 1005 1272 1056 superbos]
1350 1053 1354 1057 ¹

263 1060 471 1106 Pometios,
492 1060 744 1109 Castrumque
764 1060 865 1106 Inui,
886 1060 1106 1108 Bolamque,
1127 1059 1352 1108 Coramque.

262 1113 359 1152 Haec
377 1116 463 1151 tum
482 1113 637 1151 nomina
655 1127 694 1151 er
697 1115 780 1160 unt,
798 1127 899 1151 nunc
919 1114 1009 1150 sunt
1029 1113 1109 1150 sine
1127 1126 1281 1150 nomme
1299 1114 1425 1149 terrae.

230 1155 367 1212 lQuin
387 1169 426 1204 et
445 1180 514 1204 avo
534 1167 713 1204 comitem
732 1176 849 1204 sesel
831 1166 1047 1203 Mavortius
1067 1166 1181 1203 addet

261 1218 474 1266 Romulus3
502 1219 677 1257 Assaraci
695 1233 806 1269 quem
827 1219 1021 1269 sanguinis
1041 1219 1115 1256 Ilia
1132 1220 1255 1256 mater

262 1271 426 1310 Educet.
481 1273 616 1310 Viden’
638 1275 683 1310 ut
702 1273 865 1323 geminae
886 1274 992 1309 stant
1010 1272 1152 1309 vertice
1171 1272 1309 1317 cristae,

261 1324 319 1363 Et
337 1328 446 1376 pater
463 1325 543 1377 ipse
562 1339 630 1363 suo
650 1339 828 1376 superum
841 1325 923 1376 jam
942 1325 1069 1375 signat
1088 1325 1231 1362 honore
1248 1324 1265 1362 Ρ

263 2328 327 2366 En
345 2327 471 2378 hujus,
489 2328 590 2373 nate,
610 2324 785 2386 auspiciis
804 2323 869 2362 illa
886 2324 1031 2375 inclyta
1050 2323 1177 2361 Roma

263 2381 474 2431 Imperium
492 2380 615 2426 terris,
635 2379 780 2416 animos
799 2377 967 2438 aequabit
987 2377 1165 2427 Olympo,

264 2434 492 2485 Septemque
509 2446 586 2470 una
604 2432 675 2470 sibi
693 2445 802 2469 muro
822 2431 876 2469 cii
877 2430 1072 2469 cumdabit
1090 2443 1205 2475 arces,

263 2487 373 2525 Felix
390 2501 436 2537 Pl
437 2487 494 2524 ole
512 2486 661 2523 virum:
692 2485 811 2534 qualis
831 2483 1061 2534 Berecyntia
1077 2485 1202 2520 mater

262 2540 468 2578 Invehitur
487 2553 600 2577 curru
619 2538 808 2588 Phrygias
826 2537 968 2575 turrita
985 2550 1052 2587 per
1069 2537 1194 2582 urbes,

262 2593 371 2631 Laeta
390 2593 503 2631 deum
521 2594 646 2643 partu,
665 2594 821 2630 centum
840 2590 1034 2641 complexa
1050 2591 1220 2640 nepoteS,
