1705 2744
224 110 274 147 54
628 121 663 147 P.
683 121 870 148 VIRGLLII
889 121 1077 148 MARONIS

225 215 316 253 Huc
335 228 425 266 ager
442 215 506 253 ille
523 215 655 263 nialus,
675 216 874 267 dulcesque
893 230 914 254 a
932 217 1101 254 fontibus
1120 216 1232 253 undae

226 269 290 306 Ad
307 268 461 319 plenum
480 269 690 307 calcentur:
720 284 816 320 aqua
833 270 1061 308 eluctabitur
1080 270 1202 308 omnis

225 322 388 368 Scilicet,
409 325 448 360 et
467 323 626 372 grandes
645 324 757 361 ibunt
775 337 841 373 per
859 323 1002 361 vimina
1019 326 1141 374 gut-tae
1159 340 1167 370 3

226 376 281 413 At
301 389 410 426 sapor
427 375 608 413 indicium
627 376 738 414 faciet
757 377 991 423 manifestus,
1011 379 1050 414 et
1070 390 1135 414 ora

225 429 367 466 Tristia
380 431 602 466 tentantmn
621 443 732 467 sensu
749 429 944 480 torquebit
963 443 1120 467 amaror.

224 482 385 532 Pinguis
403 482 497 520 item
516 496 597 532 quae
617 482 667 520 sit
685 483 810 528 tellus,
829 483 901 520 hoc
920 483 1080 533 denique
1098 484 1210 533 paeto

224 535 416 573 Diseimus
431 553 438 573 :
467 536 569 573 haud
587 549 754 586 unquam
771 536 946 573 inanibus
959 536 1106 586 jactata
1123 535 1278 581 fatiscit,

225 589 298 626 Sed
317 589 410 639 picis
428 589 469 626 in
487 602 631 626 morem
645 590 693 626 ad
711 589 851 639 digitos
871 589 1046 626 lentescit
1064 589 1250 626 habendo.

224 642 398 680 Humida
416 642 573 692 majores
594 643 728 680 herbas
748 642 826 689 alit,
846 642 1000 692 ipsaque
1013 642 1120 692 justo

224 695 382 733 Laetior.
437 696 500 732 Ah
519 696 680 733 nimium
698 709 745 733 ne
764 695 814 733 sit
832 695 928 732 mihi
946 695 1081 733 fertilis
1100 695 1175 742 illa,

223 749 312 786 Neu
331 763 370 787 se
388 749 628 800 praevalidarn
645 749 776 800 primis
796 749 972 786 ostendat
991 749 1137 786 aristis!

224 803 318 848 Quae
339 803 464 853 gravis
484 805 553 850 est,
572 803 653 853 ipso
671 802 830 840 tacitam
848 816 886 840 se
904 802 1068 853 pondere
1086 801 1226 852 prodit,

225 855 393 906 Quaeque
407 856 510 894 levis.
558 856 761 894 Prorntum
775 859 833 894 est
848 856 964 893 0011115
978 856 1199 906 praediscere
1213 853 1374 904 nigram,

223 909 279 946 Et
299 910 381 959 quis
396 909 457 947 0111
475 909 588 947 color.
629 910 685 947 At
705 909 927 947 sceleratum
947 909 1138 959 exquirere
1157 908 1278 959 frigus

223 962 386 1001 Difficile
400 966 479 1000 est:
508 963 624 1013 piceae
642 965 808 1009 tantum,
827 963 981 1013 taxique
995 964 1174 1000 nocentes

223 1015 437 1062 Interdum,
457 1019 522 1054 aut
541 1017 690 1054 hederae
711 1017 884 1067 pandunt
902 1016 1065 1066 vestigia
1083 1016 1210 1066 nigrae.

276 1069 351 1107 His
370 1070 649 1116 animadversis,
667 1072 809 1108 terra-m
827 1070 950 1107 11111110
970 1072 1058 1107 ante
1076 1070 1269 1107 memento

223 1122 454 1173 Excoquere,
475 1125 513 1161 et
532 1137 691 1174 magnos
715 1123 908 1161 scrobibus
928 1123 1120 1160 considere
1142 1124 1302 1167 montes,

223 1177 327 1214 Ante
346 1177 540 1227 supinatas
561 1177 726 1227 aquiloni
745 1177 941 1214 ostendere
960 1177 1088 1227 glebas

223 1229 346 1276 Quam
364 1230 498 1268 laetum
516 1230 675 1268 infodias
694 1230 784 1267 vitis
804 1244 934 1281 genus.
960 1208 1148 1290 ζ’0111111111
1164 1228 1269 1279 putri

222 1284 326 1320 Arva
345 1283 445 1321 solo:
474 1283 514 1321 id
531 1283 637 1321 Venti
656 1286 801 1329 emant,
821 1283 1026 1344 gelidaeque
1044 1283 1204 1333 pruinae,

222 1336 277 1373 Et
296 1336 480 1375 labefacta
497 1350 653 1374 movens
671 1337 877 1374 robustus
862 1350 999 1387 jugera
1016 1337 1147 1374 105501.

222 1390 278 1426 Α1
297 1390 329 1427 51
347 1404 440 1441 quos
459 1390 561 1428 haud
579 1390 656 1428 ulla
673 1390 773 1427 viros
791 1390 991 1441 vigilantia
1008 1390 1120 1440 fugit,

222 1444 326 1481 Ante
345 1444 471 1481 locum
490 1444 651 1481 similem
670 1443 884 1494 exquirunt,
905 1443 969 1481 ubi
987 1443 1109 1493 prima
1127 1444 1281 1492 paretur

222 1497 432 1534 Arboribus
452 1510 569 1548 seges,
589 1499 628 1535 et
648 1511 721 1547 quo
740 1511 828 1534 mox
848 1497 994 1547 digesta
1008 1497 1172 1542 feratur3

223 1550 421 1588 Mutatam
439 1550 617 1601 ignorent
637 1550 763 1588 subito
781 1564 829 1588 ne
848 1550 990 1588 semina
1008 1552 1181 1587 matrem.

226 1604 327 1650 Quin
346 1604 462 1642 etiam
482 1603 567 1641 coeli
585 1604 779 1654 regionem
798 1604 837 1640 in
858 1604 996 1641 cortice
1015 1604 1191 1653 signant:

223 1657 293 1703 Ut,
314 1671 387 1707 quo
407 1670 564 1707 quaeque
583 1657 695 1695 modo
715 1657 877 1703 steterit,
897 1670 971 1707 qua
988 1659 1095 1707 parte
1114 1656 1252 1694 calores

223 1711 428 1749 Austrinos
446 1711 590 1757 tulerit,
611 1723 694 1761 quae
712 1713 822 1761 terga
841 1710 1047 1748 obverterit
1066 1710 1137 1756 axi,

225 1764 473 1802 Restituant:
503 1764 594 1802 adeo
613 1764 653 1801 111
672 1765 812 1802 teneris
831 1777 1070 1801 consuescere
1089 1763 1256 1800 multum
1275 1764 1345 1800 051.

226 1817 393 1855 Collibus
413 1831 460 1855 an
478 1818 591 1868 plano
609 1818 743 1855 melius
762 1818 813 1855 sit
831 1831 968 1867 ponere
987 1817 1118 1863 vitem,

226 1871 357 1917 Quaere
375 1871 500 1921 prius:
530 1871 562 1908 si
580 1871 732 1921 pinguis
751 1884 860 1922 agros
879 1871 1069 1908 met-abere
1089 1869 1222 1920 campi,

225 1924 354 1961 Densa
373 1938 473 1971 501ος
500 1925 541 1962 111
560 1925 674 1962 (101150
694 1938 771 1962 11011
790 1925 939 1974 segnior
957 1924 1069 1961 ubere
1088 1923 1273 1960 Bacchus.

225 1977 293 2014 Sin
310 1978 470 2015 tumulis
490 1978 627 2015 acelixe
646 1978 769 2016 solum
788 1978 973 2027 collesque
992 1977 1156 2027 supinos,

223 2030 388 2081 Indulge
407 2031 622 2077 ordinibus3
650 2045 718 2069 nec
737 2031 856 2069 secius
875 2030 996 2068 omnis
1014 2030 1054 2067 in
1072 2042 1240 2080 unguem

223 2084 433 2121 Arboribus
451 2084 585 2134 positis
604 2087 706 2122 secto
724 2085 786 2121 via
803 2084 924 2121 limite
944 2083 1062 2133 quadi
1063 2085 1114 2120 et

223 2137 282 2173 Ut
302 2149 400 2187 saepe
419 2137 568 2187 ingenti
586 2138 683 2175 bello
703 2151 821 2188 quum
838 2137 953 2187 longa
971 2136 1144 2173 cohortes

224 2190 420 2239 Explicuit
439 2191 549 2240 legio,
565 2193 603 2228 01
623 2204 754 2241 campo
774 2191 884 2228 stetit
903 2203 1039 2240 agmen
1058 2190 1200 2239 aperto,

224 2243 463 2293 Directaeque
482 2244 589 2289 acies,
609 2257 650 2281 ac
669 2244 745 2281 late
763 2244 924 2280 fluctuat
947 2242 1068 2280 01111115

225 2296 315 2334 AEre
334 2297 522 2334 renidenti
540 2297 665 2343 tellus,
684 2310 752 2334 nec
772 2297 864 2333 dum
882 2296 1035 2334 horrida
1053 2295 1214 2333 miscent

225 2349 376 2396 Proelia,
395 2350 461 2387 sed
479 2350 615 2387 dubius
637 2350 769 2387 mediis
791 2350 893 2386 Mars
913 2352 1013 2387 errat
1031 2350 1071 2386 111
1090 2349 1224 2386 armis:

225 2403 364 2440 Omnia
382 2403 459 2440 sint
478 2403 630 2453 paribus
649 2403 814 2440 numeris
833 2404 1002 2440 dimensa
1019 2403 1189 2448 viarum3

223 2456 316 2494 Non
335 2456 504 2494 animum
522 2457 634 2494 modo
653 2457 712 2493 uti
730 2459 859 2507 pascat
878 2458 1098 2506 prospectus
1116 2455 1278 2500 inanem,

224 2509 299 2547 Sed
318 2510 405 2560 quia
423 2524 499 2547 non
519 2510 627 2548 aliter
645 2510 742 2548 vires
762 2510 867 2547 dabit
887 2510 1061 2547 omnibus
1080 2522 1202 2559 aequas

224 2563 351 2609 Terra,
370 2576 490 2613 neque
508 2563 548 2600 in
567 2577 728 2601 vacuum
746 2565 927 2614 poterunt
947 2577 985 2600 se
1005 2562 1204 2600 extendere
1222 2560 1328 2598 rami.

278 2616 455 2654 Forsitan
474 2618 524 2664 et,
544 2617 736 2655 scrobibus
757 2630 836 2667 quae
853 2616 930 2654 sint
948 2616 1112 2667 fastigia,
1131 2628 1289 2666 quaeras.
