1705 2744
559 125 747 153 AEmzmos
767 125 848 152 Lm.
870 125 927 152 Π.
1300 115 1375 155 175

112 224 240 261 Aurea
256 235 484 273 purpuream
503 220 695 259 subnectit
713 220 830 258 fibula
847 222 1014 258 vestem:

114 277 197 314 Nec
215 290 293 313 non
312 279 351 314 et
370 274 531 325 Phrygii
549 274 706 312 comites
725 276 764 311 et
782 274 893 311 laetus
913 274 1020 310 lulus

114 330 315 367 Incedunt.
371 329 458 379 Ipse
477 330 565 365 ante
584 328 675 365 alios
694 327 967 377 pulcherrimus
987 340 1116 364 omnes

114 383 238 421 Infert
257 396 295 420 se
315 382 457 420 socium
476 381 627 427 AEneas,
647 383 760 430 atque
779 380 931 430 agmina
943 380 1097 430 jungit:

115 436 243 483 Qualis
262 436 327 473 ubi
346 435 542 472 hibernam
560 434 719 485 Lyciam
738 433 960 483 Xanthique
978 433 1122 471 fluenta

114 489 277 535 Deserit,
297 502 339 526 ac
358 488 497 526 Delum
515 490 728 525 maternam
746 487 877 524 invisit
897 487 1046 536 Apollo,

114 543 384 592 Instauratque
403 542 546 587 choros,
565 541 749 591 mixtique
768 540 900 578 altaria
918 541 1059 578 circum

116 596 319 646 Cretesque
339 596 585 646 Dryopesque
604 595 772 632 fremunt
790 594 957 644 pictique
975 594 1210 645 Agathyrsi:

114 649 203 699 Ipse
217 649 320 700 jugis
340 648 486 699 Cynthi
504 648 686 698 graditur,
705 647 884 697 mollique
902 647 1083 684 fluentem

117 703 267 740 Fronde
285 702 423 752 premit
443 702 583 739 crinem
601 701 759 752 fingens,
779 703 891 751 atque
910 700 1080 751 implicat
1099 714 1211 747 auro3

116 756 208 793 Tela
226 758 362 793 sonant
380 755 558 793 humeris.
614 755 732 792 Haud
749 754 815 791 illo
835 755 984 804 segnior
1002 754 1083 792 ibat

116 809 255 847 AEneas
273 825 281 855 ;
308 811 462 846 tantum
481 808 631 859 egregio
652 808 763 845 decus
783 807 902 845 enitet
922 821 995 845 ore.

117 862 326 911 Postquam
345 862 440 899 altos
459 865 619 899 ventum
637 861 677 898 in
695 863 844 898 montes
864 864 978 910 atque
997 860 1100 898 invia
1118 860 1249 907 lustra,

116 916 215 953 Ecce
233 916 332 961 ferae,
352 915 429 952 saxi
448 915 604 965 dejectae
622 915 773 961 vertice,
793 927 914 964 caprae

116 969 324 1007 Decurrere
337 969 462 1019 jugis3
491 968 562 1005 alia
581 968 625 1005 de
644 971 750 1018 parte
769 970 943 1018 patentes

116 1022 402 1059 Transmittunt
422 1035 533 1059 cursu
552 1035 702 1071 campos
722 1023 835 1071 atque
854 1021 1005 1071 agmina
1025 1021 1123 1058 cervi

117 1075 386 1113 Pulverulenta
403 1075 494 1125 fuga
511 1075 736 1125 glomerant,
755 1078 977 1124 montesque
996 1074 1225 1125 relinquunt.

117 1129 173 1166 At
191 1142 284 1179 puer
302 1129 486 1166 Ascanius
505 1129 637 1166 mediis
656 1128 696 1165 in
714 1128 874 1165 vallibus
894 1128 969 1165 acri

118 1182 269 1220 Gaudet
288 1196 404 1232 equo;
427 1182 581 1232 jamque
599 1182 669 1219 hos
689 1195 811 1228 cursu,
825 1181 906 1231 jam
924 1181 1094 1231 praeterit
1112 1181 1207 1227 illos,

118 1235 439 1285 Spumantemque
458 1236 538 1273 dari
556 1249 690 1285 pecora
707 1235 807 1272 inter
825 1235 962 1272 inertia
980 1235 1078 1271 votis

118 1289 238 1339 Optat
258 1302 401 1339 aprum,
421 1292 487 1326 aut
506 1289 654 1326 fulvum
673 1288 893 1326 descendere
912 1291 1042 1325 monte
1060 1288 1218 1326 leonem.

171 1342 325 1380 Interea
341 1356 481 1392 magno
499 1342 647 1380 misceri
665 1355 858 1379 murmure
878 1341 1016 1379 coelum

118 1395 282 1446 Incipit:
312 1396 523 1445 insequitur
541 1396 747 1434 commixta
765 1395 946 1446 grandine
965 1395 1128 1433 nimbus.

118 1449 174 1486 Et
192 1449 295 1499 Tyrii
314 1449 470 1487 comites
488 1450 639 1499 passim,
659 1452 698 1487 et
717 1449 880 1499 Trojana
892 1449 1086 1500 juventus,

119 1502 405 1552 Dardaniusque
423 1516 538 1552 nepos
557 1503 726 1548 Veneris,
746 1503 892 1540 diversa
910 1516 975 1552 per
995 1516 1104 1552 agros

121 1555 239 1592 Tecta
255 1558 363 1592 metu
379 1556 541 1605 petiere:
570 1559 688 1593 ruunt
707 1557 752 1593 de
771 1556 965 1593 montibus
985 1570 1124 1593 amnes.

120 1607 344 1657 Speluncam
362 1609 463 1646 Dido
483 1609 559 1646 dux
577 1612 616 1647 et
635 1609 820 1660 Trojanus
840 1610 997 1647 eandem

121 1660 352 1699 Deveniunt.
407 1662 539 1699 Prima
560 1665 599 1700 et
618 1662 746 1700 Tellus
766 1666 805 1700 et
824 1663 994 1713 pronuba
1013 1661 1040 1698 J
1042 1675 1119 1698 uno

120 1713 228 1751 Dant
248 1714 421 1764 signum:
450 1716 585 1753 fulsere
604 1715 722 1765 ignes,
742 1719 780 1754 et
800 1716 969 1753 conscius
989 1715 1109 1752 aether

121 1766 351 1813 Connubiis3
379 1781 600 1818 summoque
618 1769 813 1806 ulularunt
831 1769 971 1806 vertice
991 1768 1196 1818 Nymphae.

120 1819 192 1858 Ille
212 1820 289 1858 dies
304 1821 447 1870 primus
466 1821 534 1859 leti
551 1822 767 1871 primusque
786 1823 972 1859 malorum

121 1872 244 1911 Causa
262 1875 348 1911 fuit.
402 1874 537 1924 Neque
556 1875 656 1912 enim
675 1875 796 1925 specie
814 1875 959 1912 famave
978 1876 1164 1920 movetur,

120 1926 204 1964 Nec
217 1927 298 1977 jam
317 1927 502 1965 furtivum
520 1928 622 1966 Dido
641 1928 848 1966 meditatur
867 1941 1031 1965 amorem
1049 1945 1056 1964 :

121 1979 349 2033 Conjugium
368 1984 500 2027 vocat3
529 1981 600 2019 hoc
618 1982 795 2032 praetexit
813 1982 964 2019 nomine
983 1981 1142 2030 culpam.

140 2033 378 2083 Extemplo
398 2034 530 2084 Libyae
549 2048 706 2085 magnas
725 2035 757 2072 it
777 2035 896 2072 Fama
913 2048 980 2084 per
997 2034 1173 2081 1111383,-

121 2085 252 2133 Fama,
270 2087 424 2134 malum,
445 2101 518 2137 quo
536 2102 614 2125 non
633 2088 735 2125 aliud
752 2088 915 2126 velocius
934 2088 1076 2125 ullum:

122 2139 342 2178 Mobilitate
359 2141 476 2191 viget,
496 2141 667 2192 viresque
686 2141 846 2192 acquirit
865 2141 1009 2188 eundo3

123 2192 246 2231 Parva
263 2196 370 2232 metu
387 2194 532 2244 primo3
560 2208 649 2232 mox
668 2208 746 2233 sese
765 2194 910 2232 attollit
928 2195 968 2231 in
988 2208 1108 2239 auras,

124 2245 416 2298 Ingrediturque
435 2248 525 2294 solo,
545 2250 584 2285 et
604 2250 718 2298 caput
735 2248 836 2286 inter
855 2249 985 2286 nubila
1003 2248 1144 2286 condit.

126 2297 236 2337 Illam
254 2300 371 2338 Terra
387 2314 533 2351 parens,
551 2301 608 2339 ira
624 2301 775 2339 irritata
793 2302 959 2348 deorum,

127 2351 357 2401 Extremam,
376 2357 421 2392 ut
439 2355 651 2404 perhibent,
672 2355 763 2393 Coeo
782 2356 1048 2405 Enceladoque
1067 2367 1233 2392 sororem

127 2403 344 2456 Progenuit‚
362 2408 521 2458 pedibus
539 2409 695 2446 celerem
714 2411 754 2446 et
771 2409 984 2459 pernicibus
1004 2409 1094 2455 alis;

127 2456 343 2497 Monstrum
355 2461 596 2508 horrendum,
611 2462 757 2512 ingens,
772 2462 832 2500 cui
846 2464 940 2512 quot
958 2464 1048 2500 sunt
1063 2474 1216 2512 corpore
1232 2460 1384 2512 plumae,

127 2509 203 2548 Tot
219 2512 349 2563 vigiles
367 2514 465 2552 oculi
484 2516 625 2562 subter,
643 2515 813 2553 mirabile
831 2516 949 2562 dictu,

127 2562 202 2601 Tot
219 2564 368 2616 linguae,
386 2568 550 2606 totidem
568 2582 634 2606 ora
651 2571 799 2615 sonant,
817 2571 880 2607 tot
898 2568 1061 2618 subrigit
1079 2581 1198 2607 aures.

126 2615 252 2657 Nocte
268 2620 371 2659 volat
389 2621 474 2660 coeli
491 2621 616 2660 medio
633 2623 820 2673 terraeque
836 2635 903 2673 per
920 2622 1095 2660 umbram
