1705 2744
234 102 312 140 130
643 113 677 139 P.
698 112 884 139 vinoun
911 112 1100 140 MARoms

235 206 383 244 Moenia
402 206 685 245 Dardanidum!
714 210 847 258 quater
865 207 946 258 ipso
964 208 1004 245 in
1022 207 1151 246 limine
1169 211 1290 259 portae

235 260 431 306 Substitit,
451 263 563 310 atque
582 264 690 298 utero
710 261 878 298 sonitum
897 264 1029 311 quater
1047 275 1151 299 arma
1169 262 1312 300 dedere.

234 313 431 351 Instamus
449 316 579 351 tamen
597 314 834 352 immemores
854 314 1016 364 caecique
1035 315 1171 362 furore,

236 367 292 404 Et
312 369 526 404 monstrum
544 367 673 404 infelix
692 370 837 404 sacrata
855 367 1023 404 sistimus
1042 381 1137 405 arce.

236 419 344 457 Tunc
364 420 479 457 etiam
498 420 588 457 fatis
609 420 728 470 aperit
748 419 957 457 Cassandra
974 421 1112 457 futuris

236 472 323 519 Ora,
344 473 403 510 dei
415 473 525 523 jussu
542 487 619 510 non
637 486 805 523 unquam
823 473 965 510 credita
983 473 1148 511 Teucris.

236 526 320 563 Nos
340 526 494 563 delubra
513 526 623 563 deum
642 526 779 573 miseri,
799 526 934 576 quibus
952 526 1110 563 ultimus
1130 529 1229 564 esset

237 579 310 616 Ille
329 579 418 625 dies,
438 580 535 616 festa
553 579 720 616 velamus
739 579 870 617 fronde
889 593 955 629 per
972 580 1118 617 urbem.

237 632 413 670 Vertitur
431 632 576 670 interea
595 633 741 679 coelum,
761 635 800 670 et
818 632 897 669 ruit
916 646 1053 670 oceano
1072 646 1159 678 nox,

239 685 445 723 Involvens
463 686 598 723 umbra
616 699 754 736 magna
772 688 987 735 terramque
1005 685 1220 735 polumque,

239 738 604 789 Myrmidonumque
624 739 750 785 dolos;
777 739 851 776 fusi
869 752 934 789 per
952 739 1092 776 moenia
1111 738 1247 776 Teucri

239 791 486 838 Conticuere;
514 805 625 842 sopor
642 792 757 830 fessos
777 792 1041 842 complectitur
1059 794 1176 829 artus.

292 845 382 882 “Et
395 845 476 895 jam
494 845 640 895 Argiva
657 845 822 896 phalanx
839 845 1037 882 instructis
1055 845 1214 883 navibus
1232 844 1314 882 ibat

236 898 273 934 A
292 898 456 944 Tenedo,
475 898 602 935 tacitae
621 912 688 948 per
706 899 826 936 amica
845 898 996 936 silentia
1015 898 1114 936 lunae

239 950 373 988 Litora
391 929 484 988 nota
501 954 656 1001 petens,
684 952 853 989 flammas
873 965 990 1002 quum
1008 952 1112 1012 regia
1129 951 1265 1002 puppis

240 1004 403 1042 Extulei
405 1007 456 1051 at,
475 1005 638 1055 fatisque
657 1005 770 1042 deum
789 1005 990 1042 defensus
980 1005 1130 1055 iniquis,

240 1057 413 1095 Inclusos
432 1060 540 1095 utero
559 1058 713 1096 Danaos
732 1061 771 1096 et
789 1058 899 1108 pinea
917 1058 1050 1095 furtim

240 1110 364 1148 Laxat
383 1111 546 1148 claustra
564 1111 692 1149 Sinon.
747 1112 840 1149 Illos
859 1112 1070 1162 patefactus
1089 1111 1137 1148 ad
1155 1124 1264 1148 auras

241 1163 386 1201 Reddit
405 1178 521 1214 equus
537 1181 544 1210 ;
572 1165 722 1215 laetique
742 1179 832 1202 cavo
852 1178 890 1202 se
909 1165 1040 1202 robore
1059 1166 1240 1214 promunt

241 1217 501 1254 Thessandrus
521 1218 795 1268 Sthenelusque
814 1218 937 1264 duces,
957 1220 996 1255 et
1015 1218 1118 1255 dirus
1137 1217 1281 1263 Ulixes,

241 1270 461 1307 Demissum
479 1271 574 1321 lapsi
591 1285 657 1321 per
675 1271 814 1317 funem,
834 1272 1080 1321 Acamasque,
1100 1270 1313 1321 Thoasque,

242 1323 464 1374 Pelidesque
483 1324 770 1374 Neoptolemus,
789 1324 1006 1374 primusque
1025 1323 1228 1370 Machaon,

243 1376 299 1413 Et
318 1376 528 1423 Menelaus,
548 1380 586 1415 et
605 1378 684 1428 ipse
704 1378 779 1415 doli
796 1377 998 1415 fabricator
1017 1377 1155 1427 Epeos,

244 1429 439 1467 Invadunt
458 1431 591 1468 urbem
610 1444 741 1468 somno
760 1430 921 1481 vinoque
940 1430 1149 1480 sepultam3

244 1482 455 1521 Caeduntur
473 1484 617 1534 vigiles,
636 1484 829 1534 portisque
847 1484 1066 1534 patentibus
1086 1496 1215 1520 omnes

243 1536 449 1586 Accipiunt
469 1537 600 1583 socios,
619 1540 732 1588 atque
751 1537 903 1587 agmina
921 1536 1069 1574 conscia
1082 1536 1264 1586 jungunt.

297 1592 318 1608 “
332 1589 498 1640 Tempus
518 1592 610 1637 erat,
631 1604 704 1640 quo
722 1591 845 1641 prima
863 1590 966 1640 quies
985 1589 1210 1626 mortalibus
1229 1588 1340 1639 aegris

245 1642 400 1693 Incipit,
420 1646 458 1681 et
478 1644 577 1681 dono
596 1644 727 1680 divum
745 1644 961 1694 gratissima
979 1642 1107 1692 serpit.

244 1696 294 1732 In
313 1697 466 1743 somnis,
486 1710 580 1741 ecce,
601 1699 689 1734 ante
709 1697 834 1734 0011105
853 1695 1115 1734 maestissimus
1135 1694 1284 1732 Hector

245 1749 359 1787 Visus
379 1750 506 1788 adesse
524 1750 631 1797 mihi,
649 1750 847 1801 largosque
866 1749 1054 1787 effundere
1072 1748 1196 1794 fletus,

247 1802 440 1852 Raptatus
459 1803 556 1854 bigis
575 1806 620 1841 ut
639 1803 840 1854 quondam,
860 1805 1013 1853 aterque
1033 1804 1190 1839 cruento

247 1855 419 1902 Pulvere,
440 1870 577 1907 perque
595 1857 707 1907 pedes
725 1857 906 1907 trajectus
925 1856 1005 1893 lora
1021 1856 1228 1892 tumentes.

248 1908 326 1946 Hei
345 1887 451 1956 milii,
471 1910 590 1970 qualis
609 1910 711 1948 eiat!
740 1912 927 1970 quantum
944 1910 1116 1946 mutatus
1136 1908 1182 1945 ab
1200 1907 1265 1945 illo

248 1961 429 2009 Hectore,
450 1963 514 2013 qui
531 1963 630 2001 redit
649 1964 800 2001 exuvias
820 1963 977 2000 indutus
997 1961 1149 2007 Achilli,

249 2014 320 2052 Vel
339 2015 515 2053 Danaum
535 2016 725 2067 Phrygios
739 2016 928 2067 jaculatus
947 2015 1134 2065 puppibus
1152 2012 1281 2063 ignes!

250 2067 492 2118 Squalcntem
510 2069 677 2115 barbam,
697 2072 735 2106 et
755 2072 947 2107 concretos
967 2067 1148 2117 sanguine
1167 2066 1297 2111 crines,

249 2121 489 2172 Vulneraque
507 2122 571 2159 illa
590 2136 656 2172 891·
658 2136 734 2168 9115,
755 2136 836 2172 quae
856 2122 997 2159 circum
1015 2119 1178 2169 plurima
1194 2132 1322 2155 muros

250 2175 408 2224 Accepit
427 2175 580 2225 patrios.
635 2175 750 2212 Ultro
768 2174 889 2211 flens
880 2187 959 2224 ipse
977 2173 1130 2210 videbar

251 2227 484 2278 Compellare
501 2228 637 2274 virum,
657 2230 696 2265 et
715 2230 864 2265 maestas
884 2239 1098 2277 expromere
1117 2238 1248 2263 voces:

251 2286 259 2300 ‘
274 2281 306 2318 O
326 2281 391 2318 lux
409 2281 621 2327 Dardaniae,
642 2294 724 2330 spes
744 2294 765 2318 0
784 2280 966 2317 fidissima
984 2279 1183 2324 Teucrum,

252 2334 344 2380 Quae
362 2337 482 2371 tantae
501 2336 656 2371 tenuere
676 2347 813 2371 morae.
804 2333 821 2361 ‘r’
851 2333 986 2383 quibus
1006 2332 1155 2370 Hector
1174 2331 1220 2368 ab
1240 2330 1314 2368 oris

250 2388 481 2438 Exspectate
499 2387 628 2425 venis.
619 2386 636 2415 Ῥ
664 2389 709 2424 ut
727 2389 767 2424 te
785 2390 871 2436 post
890 2386 1013 2423 multa
1030 2387 1185 2423 tuorum

252 2441 284 2477 F
288 2455 413 2487 unera,
432 2445 518 2490 post
537 2454 560 2476 v
563 2440 658 2477 arios
676 2440 949 2489 hominumque
967 2439 1143 2488 urbisque
1161 2437 1306 2474 lab01es

253 2494 400 2532 Defessi
419 2494 638 2544 aspicimus!
668 2507 749 2543 quae
768 2506 879 2530 causa
896 2492 1053 2542 indigna
1072 2504 1220 2529 serenos

253 2547 430 2585 Foedavit
448 2561 471 2583 v
475 2547 602 2584 ultus.
593 2546 610 2575 Ῥ
640 2549 706 2584 aut
725 2560 790 2584 cur
808 2546 887 2583 haec
906 2546 1063 2582 vulnera
1081 2557 1215 2582 cer.no
1206 2542 1235 2570 β’

253 2601 323 2638 Ι119
342 2600 460 2646 nihil3
488 2613 556 2638 nec
575 2614 635 2637 me
655 2602 892 2651 quaerentem
910 2612 1008 2637 vana
1026 2600 1218 2636 moratui:
