1674 2775
602 100 794 127 AExnrnos
813 99 896 125 Lm.
917 99 955 126 Χ.
1344 91 1422 127 333

141 196 295 243 Tollite,
313 196 410 234 ferte
428 197 552 242 rates;
575 195 770 233 inimicam
788 195 924 232 findite
941 194 1075 232 rostris

141 250 257 288 Hanc
275 252 430 296 terram,
450 249 674 298 sulcumque
692 248 765 286 sibi
782 251 932 299 premat
950 248 1032 298 ipsa
1051 248 1187 286 carina.

142 303 337 354 Frangere
355 316 424 340 nec
442 302 515 340 tali
531 302 692 353 puppim
711 302 877 340 statione
895 315 1038 348 recuso,

140 357 309 407 Arrepta
327 356 463 394 tellure
481 356 637 394 semel.''
696 356 789 403 Quae
810 355 903 393 talia
920 359 1125 406 postquam

140 410 296 448 Effatus
315 410 504 456 Tarchon,
523 409 615 447 socii
633 422 860 460 consurgere
877 408 1013 455 tonsis,

142 464 448 514 Spumantesque
466 466 568 501 rates
587 463 685 500 arvis
705 463 842 500 inferre
861 462 1012 499 Latinis
1030 478 1038 508 ;

142 518 276 555 Donec
295 520 420 555 rostra
437 519 573 555 tenent
593 517 747 563 siccum,
767 519 806 554 et
826 516 953 554 sedere
973 515 1106 553 carinae

142 571 286 609 Omnes
304 571 476 608 innocuae
494 588 502 608 ε
532 571 598 608 sed
615 584 693 608 non
711 570 847 621 puppis
866 572 946 615 tua,
966 569 1154 606 Tarchon.

141 625 322 675 Namque
340 624 487 662 inflicta
504 624 612 661 vadis
632 624 743 662 dorso
763 624 855 660 dum
872 623 1015 673 pendet
1033 623 1176 672 iniquo,

141 679 294 729 Anceps
314 680 532 716 sustentata
551 678 627 724 diu,
646 678 860 727 fluctusque
878 677 1019 727 fatigat
1035 690 1043 713 :

142 731 325 778 Solvitur,
345 734 460 782 atque
479 731 579 769 viros
597 731 731 769 mediis
750 730 905 781 exponit
930 730 971 767 in
989 729 1102 767 undis
1119 745 1127 775 ;

143 785 355 836 Fragmina
372 798 562 823 remorum
584 798 677 835 quos
697 787 736 822 et
755 784 950 821 fluitant-ia
967 786 1138 820 transtra

143 838 380 890 Impediunt,
399 839 636 889 retrahitque
656 838 791 888 pedem
811 837 924 875 simul
942 837 1045 874 unda
1064 837 1247 874 relabens

202 1860 288 1899 Nec
307 1860 484 1898 Turnum
503 1860 630 1911 segnis
649 1860 790 1898 retinet
810 1872 917 1896 mora
933 1875 940 1896 :
970 1857 1036 1895 sed
1054 1857 1154 1907 rapit
1174 1869 1258 1893 acer

149 1914 290 1952 Totam
310 1914 429 1952 aciem
447 1914 488 1951 in
508 1914 686 1960 Teucros,
706 1917 745 1951 et
765 1917 899 1951 contra
916 1912 955 1949 in
975 1911 1089 1948 litore
1109 1910 1224 1947 sistit.

148 1968 267 2019 Signa
286 1970 441 2006 canunt.
498 1968 652 2005 Primus
671 1970 819 2005 turmas
837 1965 979 2003 invasit
999 1966 1167 2015 agrestes

147 2022 300 2069 AEneas,
321 2035 434 2059 omen
452 2035 604 2072 pugnae,
625 2021 838 2071 stravitque
856 2019 1029 2065 Latinos,

149 2075 284 2113 Occiso
304 2075 492 2121 Therone,
511 2075 638 2113 virum
657 2075 722 2125 qui
740 2074 929 2112 maximus
948 2072 1052 2110 ultro

149 2129 314 2167 AEneam
331 2129 454 2179 petit3
483 2128 572 2166 huic
591 2129 718 2180 gladio
737 2141 876 2179 perque
896 2140 992 2164 aerea
1009 2127 1109 2171 suta,

149 2182 226 2220 Per
243 2183 417 2220 tunicam
436 2183 673 2233 squalentem
693 2196 796 2227 auro,
815 2182 917 2218 latus
936 2180 1066 2217 haurit
1086 2180 1274 2229 apertum.

150 2235 248 2274 Inde
267 2236 416 2274 Lichan
434 2236 534 2283 ferit,
554 2239 749 2275 exsectum
763 2235 846 2286 jam
863 2237 988 2272 matre
1006 2234 1188 2283 peremta,

150 2289 207 2327 Et
225 2289 310 2336 tibi,
331 2290 488 2337 Phoebe,
508 2304 669 2336 sacrum,
689 2303 797 2328 casus
817 2288 973 2327 evadere
991 2287 1081 2325 ferri

152 2343 264 2389 Quod
280 2343 390 2381 licuit
408 2357 537 2394 parvo.
593 2344 635 2381 N
637 2357 677 2381 ec
696 2343 821 2393 longe,
843 2342 971 2379 Cissea
989 2341 1129 2378 durum

151 2395 442 2448 Immanemque
461 2398 587 2448 Gyan,
607 2400 820 2435 sternentes
840 2395 996 2446 agmina
1013 2395 1130 2440 clava,

151 2448 303 2500 Dejecit
321 2450 400 2488 leto
416 2468 424 2489 :
453 2451 552 2488 nihil
568 2451 654 2489 illos
674 2450 854 2488 Herculis
874 2462 991 2494 arma,

151 2502 236 2540 Nec
255 2503 389 2541 validae
402 2504 535 2555 juvere
553 2519 702 2551 manus,
721 2504 948 2555 genitorque
968 2501 1200 2551 Melampus,

151 2555 298 2593 Alcidae
318 2570 455 2604 comes,
474 2572 595 2607 usque
614 2572 749 2609 graves
768 2570 887 2608 quum
905 2559 1009 2594 terra
1026 2555 1173 2592 labores

152 2608 336 2648 Praebuit.
392 2611 494 2649 Ecce
513 2611 653 2659 Pharo,
672 2624 783 2650 voces
803 2611 895 2648 dum
909 2610 1034 2661 jactat
1052 2608 1205 2652 inertes,
