<?xml version="1.0" encoding="UTF-8"?>
<!DOCTYPE html PUBLIC "-//W3C//DTD XHTML 1.0 Transitional//EN"
    "http://www.w3.org/TR/xhtml1/DTD/xhtml1-transitional.dtd">
<html xmlns="http://www.w3.org/1999/xhtml" xml:lang="en" lang="en">
 <head>
  <title>
</title>
<meta http-equiv="Content-Type" content="text/html;charset=utf-8" />
  <meta name='ocr-system' content='tesseract 3.04.00' />
  <meta name='ocr-capabilities' content='ocr_page ocr_carea ocr_par ocr_line ocrx_word'/>
</head>
<body>
  <div class='ocr_page' id='page_1' title='image "./worksfromtextofh00virguoft_0413.png"; bbox 0 0 1674 2775; ppageno 0'>
   <div class='ocr_carea' id='block_1_1' title="bbox 577 110 1406 149">
    <p class='ocr_par' dir='ltr' id='par_1_1' title="bbox 577 110 1406 149">
     <span class='ocr_line' id='line_1_1' title="bbox 577 110 1406 149; baseline 0.006 -5"><span class='ocrx_word' id='word_1_1' title='bbox 577 118 766 145; x_wconf 74' lang='lat' dir='ltr'>AENEIDos</span> <span class='ocrx_word' id='word_1_2' title='bbox 786 118 869 145; x_wconf 75' lang='grc' dir='ltr'>ΜΒ.</span> <span class='ocrx_word' id='word_1_3' title='bbox 890 120 966 146; x_wconf 84' lang='lat' dir='ltr'>XII.</span> <span class='ocrx_word' id='word_1_4' title='bbox 1328 110 1406 149; x_wconf 88' lang='grc'>379</span> 
     </span>
    </p>
   </div>
   <div class='ocr_carea' id='block_1_2' title="bbox 138 213 1349 2653">
    <p class='ocr_par' dir='ltr' id='par_1_2' title="bbox 138 213 1248 370">
     <span class='ocr_line' id='line_1_2' title="bbox 139 213 1248 266; baseline 0.002 -16"><span class='ocrx_word' id='word_1_5' title='bbox 139 214 195 251; x_wconf 87' lang='grc' dir='ltr'>Ε13</span> <span class='ocrx_word' id='word_1_6' title='bbox 213 226 285 260; x_wconf 83' lang='grc'>1110,</span> <span class='ocrx_word' id='word_1_7' title='bbox 305 213 443 259; x_wconf 84' lang='lat' dir='ltr'>Turne,</span> <span class='ocrx_word' id='word_1_8' title='bbox 462 215 639 251; x_wconf 88' lang='lat' dir='ltr'>manent:</span> <span class='ocrx_word' id='word_1_9' title='bbox 669 213 781 250; x_wconf 90' lang='lat' dir='ltr'>simul</span> <span class='ocrx_word' id='word_1_10' title='bbox 799 214 882 251; x_wconf 86' lang='lat' dir='ltr'>haec</span> <span class='ocrx_word' id='word_1_11' title='bbox 901 214 1022 252; x_wconf 82' lang='lat' dir='ltr'>invisa</span> <span class='ocrx_word' id='word_1_12' title='bbox 1039 214 1248 266; x_wconf 83' lang='lat' dir='ltr'>relinquam</span> 
     </span>
     <span class='ocr_line' id='line_1_3' title="bbox 138 266 1132 317; baseline 0.001 -13"><span class='ocrx_word' id='word_1_13' title='bbox 138 267 314 313; x_wconf 82' lang='lat' dir='ltr'>Lumina⁷</span> <span class='ocrx_word' id='word_1_14' title='bbox 333 280 401 304; x_wconf 89' lang='lat' dir='ltr'>nec</span> <span class='ocrx_word' id='word_1_15' title='bbox 420 280 603 316; x_wconf 81' lang='lat' dir='ltr'>generum</span> <span class='ocrx_word' id='word_1_16' title='bbox 622 266 769 304; x_wconf 84' lang='lat' dir='ltr'>AEnean</span> <span class='ocrx_word' id='word_1_17' title='bbox 789 267 939 317; x_wconf 87' lang='lat' dir='ltr'>captiva</span> <span class='ocrx_word' id='word_1_18' title='bbox 957 268 1132 306; x_wconf 89' lang='lat' dir='ltr'>videbo.”</span> 
     </span>
     <span class='ocr_line' id='line_1_4' title="bbox 139 320 960 370; baseline 0 -12"><span class='ocrx_word' id='word_1_19' title='bbox 139 320 300 370; x_wconf 89' lang='lat' dir='ltr'>Accepit</span> <span class='ocrx_word' id='word_1_20' title='bbox 317 333 448 357; x_wconf 86' lang='lat' dir='ltr'>vocem</span> <span class='ocrx_word' id='word_1_21' title='bbox 467 320 630 357; x_wconf 83' lang='lat' dir='ltr'>lacrimis</span> <span class='ocrx_word' id='word_1_22' title='bbox 650 320 810 357; x_wconf 88' lang='lat' dir='ltr'>Lavinia</span> <span class='ocrx_word' id='word_1_23' title='bbox 827 321 960 358; x_wconf 85' lang='lat' dir='ltr'>matris</span> 
     </span>
    </p>

    <p class='ocr_par' dir='ltr' id='par_1_3' title="bbox 140 373 1132 477">
     <span class='ocr_line' id='line_1_5' title="bbox 141 373 1132 424; baseline 0.002 -14"><span class='ocrx_word' id='word_1_24' title='bbox 141 373 366 424; x_wconf 82' lang='lat' dir='ltr'>Flagrantes</span> <span class='ocrx_word' id='word_1_25' title='bbox 385 373 534 423; x_wconf 85' lang='lat' dir='ltr'>perfusa</span> <span class='ocrx_word' id='word_1_26' title='bbox 552 386 667 423; x_wconf 86' lang='lat' dir='ltr'>genas</span> <span class='ocrx_word' id='word_1_27' title='bbox 684 390 691 410; x_wconf 92' lang='lat'>:</span> <span class='ocrx_word' id='word_1_28' title='bbox 722 373 781 411; x_wconf 90' lang='grc'>0111</span> <span class='ocrx_word' id='word_1_29' title='bbox 800 374 984 423; x_wconf 88' lang='lat' dir='ltr'>plurimus</span> <span class='ocrx_word' id='word_1_30' title='bbox 1002 374 1132 424; x_wconf 82' lang='lat' dir='ltr'>ignem</span> 
     </span>
     <span class='ocr_line' id='line_1_6' title="bbox 140 426 1074 477; baseline 0.001 -13"><span class='ocrx_word' id='word_1_31' title='bbox 140 426 309 477; x_wconf 84' lang='lat' dir='ltr'>Subjecit</span> <span class='ocrx_word' id='word_1_32' title='bbox 328 427 453 473; x_wconf 81' lang='lat' dir='ltr'>rubor,</span> <span class='ocrx_word' id='word_1_33' title='bbox 473 428 511 464; x_wconf 91' lang='lat' dir='ltr'>et</span> <span class='ocrx_word' id='word_1_34' title='bbox 531 427 709 464; x_wconf 87' lang='lat' dir='ltr'>calefacta</span> <span class='ocrx_word' id='word_1_35' title='bbox 728 440 793 476; x_wconf 86' lang='lat' dir='ltr'>per</span> <span class='ocrx_word' id='word_1_36' title='bbox 812 440 876 464; x_wconf 89' lang='lat' dir='ltr'>ora</span> <span class='ocrx_word' id='word_1_37' title='bbox 895 428 1074 465; x_wconf 84' lang='lat' dir='ltr'>cucurrit.</span> 
     </span>
    </p>

    <p class='ocr_par' dir='ltr' id='par_1_4' title="bbox 140 480 984 530">
     <span class='ocr_line' id='line_1_7' title="bbox 140 480 984 530; baseline 0.001 -13"><span class='ocrx_word' id='word_1_38' title='bbox 140 480 284 517; x_wconf 85' lang='lat' dir='ltr'><strong>Indum</strong></span> <span class='ocrx_word' id='word_1_39' title='bbox 303 480 509 530; x_wconf 81' lang='lat' dir='ltr'>sanguineo</span> <span class='ocrx_word' id='word_1_40' title='bbox 527 480 647 517; x_wconf 83' lang='lat' dir='ltr'>veluti</span> <span class='ocrx_word' id='word_1_41' title='bbox 665 480 862 517; x_wconf 83' lang='lat' dir='ltr'>violaverit</span> <span class='ocrx_word' id='word_1_42' title='bbox 881 483 984 518; x_wconf 85' lang='lat' dir='ltr'>ostro</span> 
     </span>
    </p>

    <p class='ocr_par' dir='ltr' id='par_1_5' title="bbox 141 533 1108 584">
     <span class='ocr_line' id='line_1_8' title="bbox 141 533 1108 584; baseline 0.002 -14"><span class='ocrx_word' id='word_1_43' title='bbox 141 533 182 570; x_wconf 86' lang='lat' dir='ltr'>Si</span> <span class='ocrx_word' id='word_1_44' title='bbox 200 533 283 584; x_wconf 92' lang='lat' dir='ltr'>quis</span> <span class='ocrx_word' id='word_1_45' title='bbox 303 534 405 579; x_wconf 85' lang='lat' dir='ltr'>ebur,</span> <span class='ocrx_word' id='word_1_46' title='bbox 425 536 491 570; x_wconf 91' lang='lat' dir='ltr'>aut</span> <span class='ocrx_word' id='word_1_47' title='bbox 509 533 631 570; x_wconf 81' lang='lat' dir='ltr'>mixta</span> <span class='ocrx_word' id='word_1_48' title='bbox 649 534 787 571; x_wconf 80' lang='lat' dir='ltr'>rubent</span> <span class='ocrx_word' id='word_1_49' title='bbox 805 534 871 570; x_wconf 92' lang='lat' dir='ltr'>ubi</span> <span class='ocrx_word' id='word_1_50' title='bbox 889 533 967 571; x_wconf 87' lang='lat' dir='ltr'>lilia</span> <span class='ocrx_word' id='word_1_51' title='bbox 985 534 1108 572; x_wconf 86' lang='lat' dir='ltr'>multa</span> 
     </span>
    </p>

    <p class='ocr_par' dir='ltr' id='par_1_6' title="bbox 142 587 995 637">
     <span class='ocr_line' id='line_1_9' title="bbox 142 587 995 637; baseline 0 -13"><span class='ocrx_word' id='word_1_52' title='bbox 142 587 243 625; x_wconf 84' lang='lat' dir='ltr'>Alba</span> <span class='ocrx_word' id='word_1_53' title='bbox 260 600 365 624; x_wconf 85' lang='lat' dir='ltr'>rosa:</span> <span class='ocrx_word' id='word_1_54' title='bbox 394 587 482 624; x_wconf 88' lang='lat' dir='ltr'>talis</span> <span class='ocrx_word' id='word_1_55' title='bbox 501 587 608 637; x_wconf 81' lang='lat' dir='ltr'>virgo</span> <span class='ocrx_word' id='word_1_56' title='bbox 629 587 742 624; x_wconf 85' lang='lat' dir='ltr'>dabat</span> <span class='ocrx_word' id='word_1_57' title='bbox 762 600 824 624; x_wconf 91' lang='lat' dir='ltr'>ore</span> <span class='ocrx_word' id='word_1_58' title='bbox 844 587 995 625; x_wconf 85' lang='lat' dir='ltr'>colores.</span> 
     </span>
    </p>

    <p class='ocr_par' dir='ltr' id='par_1_7' title="bbox 141 640 1193 744">
     <span class='ocr_line' id='line_1_10' title="bbox 143 640 1119 690; baseline 0.002 -14"><span class='ocrx_word' id='word_1_59' title='bbox 143 640 261 677; x_wconf 80' lang='lat' dir='ltr'>Illum</span> <span class='ocrx_word' id='word_1_60' title='bbox 279 641 411 678; x_wconf 78' lang='lat' dir='ltr'>turbat</span> <span class='ocrx_word' id='word_1_61' title='bbox 431 654 546 686; x_wconf 77' lang='lat' dir='ltr'>amor,</span> <span class='ocrx_word' id='word_1_62' title='bbox 565 640 725 690; x_wconf 84' lang='lat' dir='ltr'>figitque</span> <span class='ocrx_word' id='word_1_63' title='bbox 744 640 783 677; x_wconf 88' lang='lat' dir='ltr'>in</span> <span class='ocrx_word' id='word_1_64' title='bbox 803 640 949 690; x_wconf 84' lang='lat' dir='ltr'>virgine</span> <span class='ocrx_word' id='word_1_65' title='bbox 968 641 1119 678; x_wconf 86' lang='lat' dir='ltr'>vultus:</span> 
     </span>
     <span class='ocr_line' id='line_1_11' title="bbox 141 693 1193 744; baseline 0.002 -14"><span class='ocrx_word' id='word_1_66' title='bbox 141 693 264 731; x_wconf 79' lang='lat' dir='ltr'>Ardet</span> <span class='ocrx_word' id='word_1_67' title='bbox 282 693 322 730; x_wconf 89' lang='lat' dir='ltr'>in</span> <span class='ocrx_word' id='word_1_68' title='bbox 342 707 446 731; x_wconf 86' lang='lat' dir='ltr'>arma</span> <span class='ocrx_word' id='word_1_69' title='bbox 464 693 596 744; x_wconf 81' lang='lat' dir='ltr'>magis,</span> <span class='ocrx_word' id='word_1_70' title='bbox 616 694 817 743; x_wconf 76' lang='lat' dir='ltr'>paucisque</span> <span class='ocrx_word' id='word_1_71' title='bbox 836 694 974 731; x_wconf 79' lang='lat' dir='ltr'>affatur</span> <span class='ocrx_word' id='word_1_72' title='bbox 993 695 1193 732; x_wconf 84' lang='lat' dir='ltr'>Amatam:</span> 
     </span>
    </p>

    <p class='ocr_par' dir='ltr' id='par_1_8' title="bbox 142 747 1137 850">
     <span class='ocr_line' id='line_1_12' title="bbox 142 747 1137 797; baseline 0.001 -13"><span class='ocrx_word' id='word_1_73' title='bbox 142 750 163 766; x_wconf 75' lang='lat'>‘⁴</span> <span class='ocrx_word' id='word_1_74' title='bbox 179 747 253 794; x_wconf 86' lang='lat' dir='ltr'>Ne,</span> <span class='ocrx_word' id='word_1_75' title='bbox 273 760 414 797; x_wconf 82' lang='lat' dir='ltr'>quaeso,</span> <span class='ocrx_word' id='word_1_76' title='bbox 433 760 480 784; x_wconf 89' lang='lat' dir='ltr'>ne</span> <span class='ocrx_word' id='word_1_77' title='bbox 499 760 559 784; x_wconf 88' lang='lat' dir='ltr'>me</span> <span class='ocrx_word' id='word_1_78' title='bbox 578 747 752 793; x_wconf 86' lang='lat' dir='ltr'>lacrimis,</span> <span class='ocrx_word' id='word_1_79' title='bbox 771 760 865 784; x_wconf 86' lang='lat' dir='ltr'>neve</span> <span class='ocrx_word' id='word_1_80' title='bbox 885 747 1008 785; x_wconf 88' lang='lat' dir='ltr'>omine</span> <span class='ocrx_word' id='word_1_81' title='bbox 1027 750 1137 785; x_wconf 84' lang='lat' dir='ltr'>tanto</span> 
     </span>
     <span class='ocr_line' id='line_1_13' title="bbox 142 800 1102 850; baseline 0 -12"><span class='ocrx_word' id='word_1_82' title='bbox 142 800 373 850; x_wconf 87' lang='lat' dir='ltr'>Prosequere</span> <span class='ocrx_word' id='word_1_83' title='bbox 391 800 431 837; x_wconf 88' lang='lat' dir='ltr'>in</span> <span class='ocrx_word' id='word_1_84' title='bbox 450 800 534 837; x_wconf 77' lang='lat' dir='ltr'>duri</span> <span class='ocrx_word' id='word_1_85' title='bbox 553 800 760 837; x_wconf 83' lang='lat' dir='ltr'>certamina</span> <span class='ocrx_word' id='word_1_86' title='bbox 778 800 918 837; x_wconf 88' lang='lat' dir='ltr'>Martis</span> <span class='ocrx_word' id='word_1_87' title='bbox 938 803 1102 847; x_wconf 86' lang='lat' dir='ltr'>euntem,</span> 
     </span>
    </p>

    <p class='ocr_par' dir='ltr' id='par_1_9' title="bbox 142 853 1235 1060">
     <span class='ocr_line' id='line_1_14' title="bbox 143 853 1181 903; baseline 0.001 -13"><span class='ocrx_word' id='word_1_88' title='bbox 143 853 176 891; x_wconf 94' lang='grc' dir='ltr'>Ο</span> <span class='ocrx_word' id='word_1_89' title='bbox 195 856 338 891; x_wconf 90' lang='lat' dir='ltr'>mater:</span> <span class='ocrx_word' id='word_1_90' title='bbox 368 867 488 903; x_wconf 90' lang='lat' dir='ltr'>neque</span> <span class='ocrx_word' id='word_1_91' title='bbox 507 853 607 890; x_wconf 87' lang='lat' dir='ltr'>enim</span> <span class='ocrx_word' id='word_1_92' title='bbox 628 853 707 890; x_wconf 82' lang='lat' dir='ltr'>Tm</span> <span class='ocrx_word' id='word_1_93' title='bbox 709 867 757 891; x_wconf 91' lang='lat' dir='ltr'>no</span> <span class='ocrx_word' id='word_1_94' title='bbox 777 867 882 891; x_wconf 85' lang='lat' dir='ltr'>mora</span> <span class='ocrx_word' id='word_1_95' title='bbox 900 854 1017 891; x_wconf 84' lang='lat' dir='ltr'>libeia</span> <span class='ocrx_word' id='word_1_96' title='bbox 1035 855 1181 891; x_wconf 88' lang='lat' dir='ltr'>mortis.</span> 
     </span>
     <span class='ocr_line' id='line_1_15' title="bbox 142 907 1170 958; baseline 0.001 -15"><span class='ocrx_word' id='word_1_97' title='bbox 142 907 316 944; x_wconf 87' lang='lat' dir='ltr'>Nuncius</span> <span class='ocrx_word' id='word_1_98' title='bbox 335 907 415 944; x_wconf 85' lang='lat' dir='ltr'>haec</span> <span class='ocrx_word' id='word_1_99' title='bbox 435 907 574 944; x_wconf 88' lang='lat' dir='ltr'>Idmon</span> <span class='ocrx_word' id='word_1_100' title='bbox 594 907 729 957; x_wconf 77' lang='lat' dir='ltr'>Phrgy</span> <span class='ocrx_word' id='word_1_101' title='bbox 730 907 766 944; x_wconf 93' lang='lat' dir='ltr'>io</span> <span class='ocrx_word' id='word_1_102' title='bbox 784 920 868 944; x_wconf 89' lang='lat' dir='ltr'>mea</span> <span class='ocrx_word' id='word_1_103' title='bbox 887 907 989 944; x_wconf 89' lang='lat' dir='ltr'>dicta</span> <span class='ocrx_word' id='word_1_104' title='bbox 1006 910 1050 958; x_wconf 80' lang='lat' dir='ltr'>ty</span> <span class='ocrx_word' id='word_1_105' title='bbox 1053 921 1170 945; x_wconf 80' lang='lat' dir='ltr'>ianno</span> 
     </span>
     <span class='ocr_line' id='line_1_16' title="bbox 142 960 1235 1010; baseline 0 -12"><span class='ocrx_word' id='word_1_106' title='bbox 142 960 261 998; x_wconf 84' lang='lat' dir='ltr'>Haud</span> <span class='ocrx_word' id='word_1_107' title='bbox 278 960 463 1010; x_wconf 88' lang='lat' dir='ltr'>placitura</span> <span class='ocrx_word' id='word_1_108' title='bbox 480 960 596 998; x_wconf 86' lang='lat' dir='ltr'>refer:</span> <span class='ocrx_word' id='word_1_109' title='bbox 627 960 754 1006; x_wconf 80' lang='lat' dir='ltr'>Quum</span> <span class='ocrx_word' id='word_1_110' title='bbox 773 974 818 1010; x_wconf 78' lang='lat' dir='ltr'>pi</span> <span class='ocrx_word' id='word_1_111' title='bbox 819 973 939 997; x_wconf 84' lang='lat' dir='ltr'>imum</span> <span class='ocrx_word' id='word_1_112' title='bbox 959 961 1123 998; x_wconf 87' lang='lat' dir='ltr'>crastina</span> <span class='ocrx_word' id='word_1_113' title='bbox 1141 961 1235 999; x_wconf 88' lang='lat' dir='ltr'>coelo</span> 
     </span>
     <span class='ocr_line' id='line_1_17' title="bbox 143 1013 959 1060; baseline 0.001 -10"><span class='ocrx_word' id='word_1_114' title='bbox 143 1013 318 1051; x_wconf 89' lang='lat' dir='ltr'>Puniceis</span> <span class='ocrx_word' id='word_1_115' title='bbox 336 1013 487 1051; x_wconf 88' lang='lat' dir='ltr'>invecta</span> <span class='ocrx_word' id='word_1_116' title='bbox 504 1013 598 1051; x_wconf 86' lang='lat' dir='ltr'>rotis</span> <span class='ocrx_word' id='word_1_117' title='bbox 617 1014 766 1051; x_wconf 87' lang='lat' dir='ltr'>Aurora</span> <span class='ocrx_word' id='word_1_118' title='bbox 783 1014 959 1060; x_wconf 84' lang='lat' dir='ltr'>rubescit,</span> 
     </span>
    </p>

    <p class='ocr_par' dir='ltr' id='par_1_10' title="bbox 143 1067 1349 1224">
     <span class='ocr_line' id='line_1_18' title="bbox 143 1067 1349 1117; baseline 0.001 -13"><span class='ocrx_word' id='word_1_119' title='bbox 143 1067 235 1104; x_wconf 90' lang='lat' dir='ltr'>Non</span> <span class='ocrx_word' id='word_1_120' title='bbox 254 1067 417 1104; x_wconf 86' lang='lat' dir='ltr'>Teucros</span> <span class='ocrx_word' id='word_1_121' title='bbox 437 1069 526 1117; x_wconf 80' lang='lat' dir='ltr'>agat</span> <span class='ocrx_word' id='word_1_122' title='bbox 545 1067 585 1104; x_wconf 91' lang='lat' dir='ltr'>in</span> <span class='ocrx_word' id='word_1_123' title='bbox 605 1067 792 1105; x_wconf 87' lang='lat' dir='ltr'>Rutulos:</span> <span class='ocrx_word' id='word_1_124' title='bbox 822 1067 1011 1104; x_wconf 80' lang='lat' dir='ltr'>Teucrum</span> <span class='ocrx_word' id='word_1_125' title='bbox 1031 1081 1135 1105; x_wconf 89' lang='lat' dir='ltr'>arma</span> <span class='ocrx_word' id='word_1_126' title='bbox 1154 1068 1349 1117; x_wconf 80' lang='lat' dir='ltr'>quiescant</span> 
     </span>
     <span class='ocr_line' id='line_1_19' title="bbox 144 1120 1211 1171; baseline 0.002 -14"><span class='ocrx_word' id='word_1_127' title='bbox 144 1120 199 1158; x_wconf 82' lang='lat' dir='ltr'>Et</span> <span class='ocrx_word' id='word_1_128' title='bbox 218 1120 430 1158; x_wconf 84' lang='lat' dir='ltr'>Rutulum:</span> <span class='ocrx_word' id='word_1_129' title='bbox 459 1122 590 1158; x_wconf 84' lang='lat' dir='ltr'>nostro</span> <span class='ocrx_word' id='word_1_130' title='bbox 609 1120 828 1157; x_wconf 80' lang='lat' dir='ltr'>dirimamus</span> <span class='ocrx_word' id='word_1_131' title='bbox 848 1121 1030 1171; x_wconf 83' lang='lat' dir='ltr'>sanguine</span> <span class='ocrx_word' id='word_1_132' title='bbox 1049 1121 1211 1159; x_wconf 89' lang='lat' dir='ltr'>bellum:</span> 
     </span>
     <span class='ocr_line' id='line_1_20' title="bbox 144 1173 957 1224; baseline 0.001 -14"><span class='ocrx_word' id='word_1_133' title='bbox 144 1173 218 1211; x_wconf 96' lang='lat' dir='ltr'>Illo</span> <span class='ocrx_word' id='word_1_134' title='bbox 238 1176 433 1223; x_wconf 78' lang='lat' dir='ltr'>quaeratur</span> <span class='ocrx_word' id='word_1_135' title='bbox 452 1174 588 1224; x_wconf 75' lang='lat' dir='ltr'>conjux</span> <span class='ocrx_word' id='word_1_136' title='bbox 607 1173 767 1211; x_wconf 88' lang='lat' dir='ltr'>Lavinia</span> <span class='ocrx_word' id='word_1_137' title='bbox 786 1174 957 1224; x_wconf 86' lang='lat' dir='ltr'>campo.”</span> 
     </span>
    </p>

    <p class='ocr_par' dir='ltr' id='par_1_11' title="bbox 143 1227 1268 2612">
     <span class='ocr_line' id='line_1_21' title="bbox 194 1227 1238 1277; baseline 0.001 -13"><span class='ocrx_word' id='word_1_138' title='bbox 194 1227 290 1264; x_wconf 85' lang='lat' dir='ltr'>Haec</span> <span class='ocrx_word' id='word_1_139' title='bbox 309 1227 375 1265; x_wconf 86' lang='lat' dir='ltr'>ubi</span> <span class='ocrx_word' id='word_1_140' title='bbox 394 1227 496 1264; x_wconf 88' lang='lat' dir='ltr'>dicta</span> <span class='ocrx_word' id='word_1_141' title='bbox 514 1227 630 1273; x_wconf 83' lang='lat' dir='ltr'>dedit,</span> <span class='ocrx_word' id='word_1_142' title='bbox 649 1227 874 1277; x_wconf 86' lang='lat' dir='ltr'>rapidusque</span> <span class='ocrx_word' id='word_1_143' title='bbox 893 1227 933 1265; x_wconf 90' lang='lat' dir='ltr'>in</span> <span class='ocrx_word' id='word_1_144' title='bbox 951 1229 1055 1265; x_wconf 87' lang='lat' dir='ltr'>tecta</span> <span class='ocrx_word' id='word_1_145' title='bbox 1073 1228 1238 1275; x_wconf 79' lang='lat' dir='ltr'>recessit,</span> 
     </span>
     <span class='ocr_line' id='line_1_22' title="bbox 143 1280 1206 1331; baseline 0.002 -14"><span class='ocrx_word' id='word_1_146' title='bbox 143 1280 273 1318; x_wconf 89' lang='lat' dir='ltr'>Poscit</span> <span class='ocrx_word' id='word_1_147' title='bbox 292 1294 417 1331; x_wconf 88' lang='lat' dir='ltr'>equos,</span> <span class='ocrx_word' id='word_1_148' title='bbox 437 1281 651 1330; x_wconf 81' lang='lat' dir='ltr'>gaudetque</span> <span class='ocrx_word' id='word_1_149' title='bbox 670 1283 782 1318; x_wconf 88' lang='lat' dir='ltr'>tuens</span> <span class='ocrx_word' id='word_1_150' title='bbox 801 1284 889 1318; x_wconf 87' lang='lat' dir='ltr'>ante</span> <span class='ocrx_word' id='word_1_151' title='bbox 910 1295 974 1318; x_wconf 89' lang='lat' dir='ltr'>ora</span> <span class='ocrx_word' id='word_1_152' title='bbox 992 1282 1206 1329; x_wconf 82' lang='lat' dir='ltr'>frementes,</span> 
     </span>
     <span class='ocr_line' id='line_1_23' title="bbox 143 1333 1013 1385; baseline 0.001 -15"><span class='ocrx_word' id='word_1_153' title='bbox 143 1333 322 1371; x_wconf 87' lang='lat' dir='ltr'>Pilumno</span> <span class='ocrx_word' id='word_1_154' title='bbox 342 1347 435 1384; x_wconf 90' lang='lat' dir='ltr'>quos</span> <span class='ocrx_word' id='word_1_155' title='bbox 454 1334 537 1384; x_wconf 89' lang='lat' dir='ltr'>ipsa</span> <span class='ocrx_word' id='word_1_156' title='bbox 555 1334 668 1371; x_wconf 90' lang='lat' dir='ltr'>decus</span> <span class='ocrx_word' id='word_1_157' title='bbox 689 1334 793 1372; x_wconf 84' lang='lat' dir='ltr'>dedit</span> <span class='ocrx_word' id='word_1_158' title='bbox 814 1334 1013 1385; x_wconf 82' lang='lat' dir='ltr'>Orithyia3</span> 
     </span>
     <span class='ocr_line' id='line_1_24' title="bbox 144 1386 1070 1434; baseline 0.001 -10"><span class='ocrx_word' id='word_1_159' title='bbox 144 1386 217 1433; x_wconf 76' lang='lat' dir='ltr'>Qui</span> <span class='ocrx_word' id='word_1_160' title='bbox 236 1387 396 1425; x_wconf 84' lang='lat' dir='ltr'>candore</span> <span class='ocrx_word' id='word_1_161' title='bbox 414 1388 520 1424; x_wconf 79' lang='lat' dir='ltr'>nives</span> <span class='ocrx_word' id='word_1_162' title='bbox 539 1387 740 1434; x_wconf 85' lang='lat' dir='ltr'>anteirent,</span> <span class='ocrx_word' id='word_1_163' title='bbox 761 1388 931 1425; x_wconf 80' lang='lat' dir='ltr'>cursibus</span> <span class='ocrx_word' id='word_1_164' title='bbox 951 1402 1070 1425; x_wconf 86' lang='lat' dir='ltr'>auras.</span> 
     </span>
     <span class='ocr_line' id='line_1_25' title="bbox 143 1439 1215 1492; baseline 0.001 -14"><span class='ocrx_word' id='word_1_165' title='bbox 143 1439 403 1478; x_wconf 86' lang='lat' dir='ltr'>Circumstant</span> <span class='ocrx_word' id='word_1_166' title='bbox 422 1440 570 1491; x_wconf 84' lang='lat' dir='ltr'>properi</span> <span class='ocrx_word' id='word_1_167' title='bbox 589 1441 738 1491; x_wconf 63' lang='lat' dir='ltr'>aurigae,</span> <span class='ocrx_word' id='word_1_168' title='bbox 758 1442 1005 1492; x_wconf 87' lang='lat' dir='ltr'>manibusque</span> <span class='ocrx_word' id='word_1_169' title='bbox 1025 1442 1215 1479; x_wconf 83' lang='lat' dir='ltr'>lacessunt</span> 
     </span>
     <span class='ocr_line' id='line_1_26' title="bbox 143 1493 1152 1545; baseline 0.002 -15"><span class='ocrx_word' id='word_1_170' title='bbox 143 1493 304 1532; x_wconf 87' lang='lat' dir='ltr'>Pectora</span> <span class='ocrx_word' id='word_1_171' title='bbox 321 1494 452 1544; x_wconf 82' lang='lat' dir='ltr'>plausa</span> <span class='ocrx_word' id='word_1_172' title='bbox 470 1494 582 1540; x_wconf 76' lang='lat' dir='ltr'>cavis,</span> <span class='ocrx_word' id='word_1_173' title='bbox 602 1496 640 1532; x_wconf 91' lang='lat' dir='ltr'>et</span> <span class='ocrx_word' id='word_1_174' title='bbox 660 1495 754 1532; x_wconf 89' lang='lat' dir='ltr'>colla</span> <span class='ocrx_word' id='word_1_175' title='bbox 773 1496 964 1532; x_wconf 89' lang='lat' dir='ltr'>comantia</span> <span class='ocrx_word' id='word_1_176' title='bbox 981 1497 1152 1545; x_wconf 83' lang='lat' dir='ltr'>pectunt.</span> 
     </span>
     <span class='ocr_line' id='line_1_27' title="bbox 144 1546 1133 1598; baseline 0.001 -14"><span class='ocrx_word' id='word_1_177' title='bbox 144 1546 232 1596; x_wconf 82' lang='lat' dir='ltr'>Ipse</span> <span class='ocrx_word' id='word_1_178' title='bbox 251 1547 387 1585; x_wconf 88' lang='lat' dir='ltr'>dehinc</span> <span class='ocrx_word' id='word_1_179' title='bbox 407 1561 496 1585; x_wconf 84' lang='lat' dir='ltr'>auro</span> <span class='ocrx_word' id='word_1_180' title='bbox 515 1547 751 1596; x_wconf 70' lang='lat' dir='ltr'>squalentem</span> <span class='ocrx_word' id='word_1_181' title='bbox 769 1549 928 1598; x_wconf 87' lang='lat' dir='ltr'>alboque</span> <span class='ocrx_word' id='word_1_182' title='bbox 948 1548 1133 1586; x_wconf 87' lang='lat' dir='ltr'>orichalco</span> 
     </span>
     <span class='ocr_line' id='line_1_28' title="bbox 145 1599 1207 1651; baseline 0.001 -14"><span class='ocrx_word' id='word_1_183' title='bbox 145 1599 365 1638; x_wconf 81' lang='lat' dir='ltr'>Circumdat</span> <span class='ocrx_word' id='word_1_184' title='bbox 383 1600 540 1639; x_wconf 86' lang='lat' dir='ltr'>loricam</span> <span class='ocrx_word' id='word_1_185' title='bbox 558 1601 724 1638; x_wconf 89' lang='lat' dir='ltr'>humeris</span> <span class='ocrx_word' id='word_1_186' title='bbox 740 1617 748 1647; x_wconf 91' lang='lat'>;</span> <span class='ocrx_word' id='word_1_187' title='bbox 776 1602 888 1639; x_wconf 91' lang='lat' dir='ltr'>simul</span> <span class='ocrx_word' id='word_1_188' title='bbox 908 1604 1015 1651; x_wconf 88' lang='lat' dir='ltr'>aptat</span> <span class='ocrx_word' id='word_1_189' title='bbox 1034 1601 1207 1639; x_wconf 86' lang='lat' dir='ltr'>habendo</span> 
     </span>
     <span class='ocr_line' id='line_1_29' title="bbox 143 1653 1181 1704; baseline 0.002 -14"><span class='ocrx_word' id='word_1_190' title='bbox 143 1653 360 1704; x_wconf 86' lang='lat' dir='ltr'>Ensemque</span> <span class='ocrx_word' id='word_1_191' title='bbox 379 1654 615 1704; x_wconf 87' lang='lat' dir='ltr'>clipeumque</span> <span class='ocrx_word' id='word_1_192' title='bbox 634 1656 672 1692; x_wconf 87' lang='lat' dir='ltr'>et</span> <span class='ocrx_word' id='word_1_193' title='bbox 692 1655 812 1692; x_wconf 82' lang='lat' dir='ltr'>rubrae</span> <span class='ocrx_word' id='word_1_194' title='bbox 832 1668 971 1692; x_wconf 84' lang='lat' dir='ltr'>cornua</span> <span class='ocrx_word' id='word_1_195' title='bbox 989 1655 1181 1701; x_wconf 81' lang='lat' dir='ltr'>cristae,—</span> 
     </span>
     <span class='ocr_line' id='line_1_30' title="bbox 145 1707 1200 1758; baseline 0.001 -14"><span class='ocrx_word' id='word_1_196' title='bbox 145 1707 300 1753; x_wconf 85' lang='lat' dir='ltr'>Ensem,</span> <span class='ocrx_word' id='word_1_197' title='bbox 320 1721 431 1758; x_wconf 92' lang='lat' dir='ltr'>quem</span> <span class='ocrx_word' id='word_1_198' title='bbox 450 1708 588 1745; x_wconf 84' lang='lat' dir='ltr'>Dauno</span> <span class='ocrx_word' id='word_1_199' title='bbox 608 1707 824 1758; x_wconf 82' lang='lat' dir='ltr'>ignipotens</span> <span class='ocrx_word' id='word_1_200' title='bbox 844 1708 934 1746; x_wconf 80' lang='lat' dir='ltr'>deus</span> <span class='ocrx_word' id='word_1_201' title='bbox 954 1708 1033 1758; x_wconf 88' lang='lat' dir='ltr'>ipse</span> <span class='ocrx_word' id='word_1_202' title='bbox 1051 1708 1200 1758; x_wconf 85' lang='lat' dir='ltr'>parenti</span> 
     </span>
     <span class='ocr_line' id='line_1_31' title="bbox 145 1760 1090 1811; baseline 0.001 -13"><span class='ocrx_word' id='word_1_203' title='bbox 145 1760 316 1807; x_wconf 82' lang='lat' dir='ltr'>Fecerat,</span> <span class='ocrx_word' id='word_1_204' title='bbox 335 1763 374 1798; x_wconf 90' lang='lat' dir='ltr'>et</span> <span class='ocrx_word' id='word_1_205' title='bbox 394 1761 531 1811; x_wconf 82' lang='lat' dir='ltr'>Stygia</span> <span class='ocrx_word' id='word_1_206' title='bbox 549 1762 773 1799; x_wconf 86' lang='lat' dir='ltr'>candentem</span> <span class='ocrx_word' id='word_1_207' title='bbox 792 1762 959 1799; x_wconf 81' lang='lat' dir='ltr'>tinxerat</span> <span class='ocrx_word' id='word_1_208' title='bbox 978 1762 1090 1799; x_wconf 87' lang='lat' dir='ltr'>unda.</span> 
     </span>
     <span class='ocr_line' id='line_1_32' title="bbox 145 1813 1041 1864; baseline 0.002 -14"><span class='ocrx_word' id='word_1_209' title='bbox 145 1813 259 1860; x_wconf 84' lang='lat' dir='ltr'>Exin,</span> <span class='ocrx_word' id='word_1_210' title='bbox 279 1827 364 1864; x_wconf 86' lang='lat' dir='ltr'>quae</span> <span class='ocrx_word' id='word_1_211' title='bbox 384 1815 516 1852; x_wconf 84' lang='lat' dir='ltr'>mediis</span> <span class='ocrx_word' id='word_1_212' title='bbox 535 1814 685 1864; x_wconf 83' lang='lat' dir='ltr'>ingenti</span> <span class='ocrx_word' id='word_1_213' title='bbox 704 1815 839 1852; x_wconf 81' lang='lat' dir='ltr'>adnixa</span> <span class='ocrx_word' id='word_1_214' title='bbox 858 1815 1041 1852; x_wconf 85' lang='lat' dir='ltr'>columnae</span> 
     </span>
     <span class='ocr_line' id='line_1_33' title="bbox 145 1867 1106 1918; baseline 0.001 -14"><span class='ocrx_word' id='word_1_215' title='bbox 145 1867 306 1904; x_wconf 84' lang='lat' dir='ltr'>AEdibus</span> <span class='ocrx_word' id='word_1_216' title='bbox 326 1867 512 1915; x_wconf 84' lang='lat' dir='ltr'>adstabat,</span> <span class='ocrx_word' id='word_1_217' title='bbox 530 1868 694 1905; x_wconf 83' lang='lat' dir='ltr'>Validam</span> <span class='ocrx_word' id='word_1_218' title='bbox 712 1868 751 1905; x_wconf 91' lang='lat' dir='ltr'>vi</span> <span class='ocrx_word' id='word_1_219' title='bbox 770 1868 925 1918; x_wconf 88' lang='lat' dir='ltr'>corripit</span> <span class='ocrx_word' id='word_1_220' title='bbox 943 1868 1106 1913; x_wconf 85' lang='lat' dir='ltr'>hastam,</span> 
     </span>
     <span class='ocr_line' id='line_1_34' title="bbox 144 1920 1206 1971; baseline 0 -14"><span class='ocrx_word' id='word_1_221' title='bbox 144 1920 298 1958; x_wconf 85' lang='lat' dir='ltr'>Actoris</span> <span class='ocrx_word' id='word_1_222' title='bbox 316 1921 487 1958; x_wconf 83' lang='lat' dir='ltr'>Aurunci</span> <span class='ocrx_word' id='word_1_223' title='bbox 505 1921 667 1971; x_wconf 87' lang='lat' dir='ltr'>spolium</span> <span class='ocrx_word' id='word_1_224' title='bbox 683 1938 691 1967; x_wconf 80' lang='lat'><em>3</em></span> <span class='ocrx_word' id='word_1_225' title='bbox 720 1924 946 1971; x_wconf 67' lang='lat' dir='ltr'>quassatque</span> <span class='ocrx_word' id='word_1_226' title='bbox 965 1923 1206 1967; x_wconf 78' lang='lat' dir='ltr'>trementem,</span> 
     </span>
     <span class='ocr_line' id='line_1_35' title="bbox 144 1974 1208 2024; baseline 0.002 -14"><span class='ocrx_word' id='word_1_227' title='bbox 144 1974 362 2012; x_wconf 86' lang='lat' dir='ltr'>Vociferans</span> <span class='ocrx_word' id='word_1_228' title='bbox 377 1990 385 2012; x_wconf 75' lang='grc' dir='ltr'>ι</span> <span class='ocrx_word' id='word_1_229' title='bbox 415 1977 435 1993; x_wconf 78' lang='grc'>“</span> <span class='ocrx_word' id='word_1_230' title='bbox 451 1974 578 2021; x_wconf 78' lang='lat' dir='ltr'>Nunc,</span> <span class='ocrx_word' id='word_1_231' title='bbox 598 1988 619 2012; x_wconf 96' lang='lat' dir='ltr'>o</span> <span class='ocrx_word' id='word_1_232' title='bbox 638 1988 833 2024; x_wconf 87' lang='lat' dir='ltr'>nunquam</span> <span class='ocrx_word' id='word_1_233' title='bbox 851 1975 1034 2012; x_wconf 85' lang='lat' dir='ltr'>frustrata</span> <span class='ocrx_word' id='word_1_234' title='bbox 1051 1978 1208 2012; x_wconf 86' lang='lat' dir='ltr'>vocatus</span> 
     </span>
     <span class='ocr_line' id='line_1_36' title="bbox 145 2027 1268 2077; baseline 0 -12"><span class='ocrx_word' id='word_1_235' title='bbox 145 2027 273 2065; x_wconf 87' lang='lat' dir='ltr'>Hasta</span> <span class='ocrx_word' id='word_1_236' title='bbox 290 2041 405 2074; x_wconf 82' lang='lat' dir='ltr'>meos,</span> <span class='ocrx_word' id='word_1_237' title='bbox 424 2040 525 2064; x_wconf 82' lang='lat' dir='ltr'>nunc</span> <span class='ocrx_word' id='word_1_238' title='bbox 544 2029 694 2077; x_wconf 86' lang='lat' dir='ltr'>tempus</span> <span class='ocrx_word' id='word_1_239' title='bbox 714 2028 843 2074; x_wconf 89' lang='lat' dir='ltr'>adest;</span> <span class='ocrx_word' id='word_1_240' title='bbox 870 2030 910 2065; x_wconf 91' lang='lat' dir='ltr'>te</span> <span class='ocrx_word' id='word_1_241' title='bbox 929 2028 1115 2065; x_wconf 76' lang='lat' dir='ltr'>maximus</span> <span class='ocrx_word' id='word_1_242' title='bbox 1136 2029 1268 2075; x_wconf 82' lang='lat' dir='ltr'>Actor,</span> 
     </span>
     <span class='ocr_line' id='line_1_37' title="bbox 145 2080 1205 2133; baseline 0 -15"><span class='ocrx_word' id='word_1_243' title='bbox 145 2080 201 2119; x_wconf 85' lang='lat' dir='ltr'>Te</span> <span class='ocrx_word' id='word_1_244' title='bbox 220 2081 341 2118; x_wconf 85' lang='lat' dir='ltr'>Turni</span> <span class='ocrx_word' id='word_1_245' title='bbox 359 2094 459 2118; x_wconf 88' lang='grc'>1111110</span> <span class='ocrx_word' id='word_1_246' title='bbox 479 2081 612 2118; x_wconf 80' lang='lat' dir='ltr'>dextra</span> <span class='ocrx_word' id='word_1_247' title='bbox 629 2081 740 2131; x_wconf 86' lang='lat' dir='ltr'>gerit.</span> <span class='ocrx_word' id='word_1_248' title='bbox 795 2081 858 2118; x_wconf 83' lang='lat' dir='ltr'>Da</span> <span class='ocrx_word' id='word_1_249' title='bbox 875 2083 1041 2119; x_wconf 87' lang='lat' dir='ltr'>sternere</span> <span class='ocrx_word' id='word_1_250' title='bbox 1060 2095 1205 2133; x_wconf 85' lang='lat' dir='ltr'>corpus,</span> 
     </span>
     <span class='ocr_line' id='line_1_38' title="bbox 145 2134 1057 2184; baseline 0 -12"><span class='ocrx_word' id='word_1_251' title='bbox 145 2134 394 2184; x_wconf 86' lang='lat' dir='ltr'>Loricamque</span> <span class='ocrx_word' id='word_1_252' title='bbox 414 2147 530 2171; x_wconf 85' lang='lat' dir='ltr'>manu</span> <span class='ocrx_word' id='word_1_253' title='bbox 547 2134 672 2171; x_wconf 87' lang='lat' dir='ltr'>valida</span> <span class='ocrx_word' id='word_1_254' title='bbox 690 2135 850 2172; x_wconf 81' lang='lat' dir='ltr'>laceraie</span> <span class='ocrx_word' id='word_1_255' title='bbox 868 2135 1057 2172; x_wconf 89' lang='lat' dir='ltr'>revulsam</span> 
     </span>
     <span class='ocr_line' id='line_1_39' title="bbox 146 2187 1101 2238; baseline 0.001 -13"><span class='ocrx_word' id='word_1_256' title='bbox 146 2187 321 2225; x_wconf 84' lang='lat' dir='ltr'>Semiviri</span> <span class='ocrx_word' id='word_1_257' title='bbox 339 2187 517 2238; x_wconf 82' lang='lat' dir='ltr'>Phrygis,</span> <span class='ocrx_word' id='word_1_258' title='bbox 537 2189 576 2225; x_wconf 86' lang='lat' dir='ltr'>et</span> <span class='ocrx_word' id='word_1_259' title='bbox 595 2188 761 2226; x_wconf 75' lang='lat' dir='ltr'>foedare</span> <span class='ocrx_word' id='word_1_260' title='bbox 751 2202 792 2225; x_wconf 88' lang='grc'>111</span> <span class='ocrx_word' id='word_1_261' title='bbox 810 2188 962 2238; x_wconf 87' lang='lat' dir='ltr'>pulvere</span> <span class='ocrx_word' id='word_1_262' title='bbox 982 2189 1101 2226; x_wconf 86' lang='lat' dir='ltr'>crines</span> 
     </span>
     <span class='ocr_line' id='line_1_40' title="bbox 145 2241 1091 2292; baseline 0.001 -14"><span class='ocrx_word' id='word_1_263' title='bbox 145 2241 324 2279; x_wconf 84' lang='lat' dir='ltr'>Vibratos</span> <span class='ocrx_word' id='word_1_264' title='bbox 343 2241 463 2279; x_wconf 88' lang='lat' dir='ltr'>calido</span> <span class='ocrx_word' id='word_1_265' title='bbox 481 2241 590 2288; x_wconf 80' lang='lat' dir='ltr'>ferro,</span> <span class='ocrx_word' id='word_1_266' title='bbox 609 2241 837 2292; x_wconf 80' lang='lat' dir='ltr'>myrrhaque</span> <span class='ocrx_word' id='word_1_267' title='bbox 856 2242 1091 2281; x_wconf 52' lang='lat' dir='ltr'>madentesss&#39;</span> 
     </span>
     <span class='ocr_line' id='line_1_41' title="bbox 146 2294 1037 2345; baseline 0.002 -14"><span class='ocrx_word' id='word_1_268' title='bbox 146 2294 222 2332; x_wconf 89' lang='lat' dir='ltr'>His</span> <span class='ocrx_word' id='word_1_269' title='bbox 241 2295 369 2345; x_wconf 86' lang='lat' dir='ltr'>agitur</span> <span class='ocrx_word' id='word_1_270' title='bbox 386 2294 515 2332; x_wconf 81' lang='lat' dir='ltr'>furiis:</span> <span class='ocrx_word' id='word_1_271' title='bbox 543 2296 703 2344; x_wconf 88' lang='lat' dir='ltr'>totoque</span> <span class='ocrx_word' id='word_1_272' title='bbox 722 2295 888 2333; x_wconf 89' lang='lat' dir='ltr'>ardentis</span> <span class='ocrx_word' id='word_1_273' title='bbox 909 2296 955 2333; x_wconf 81' lang='lat' dir='ltr'>ab</span> <span class='ocrx_word' id='word_1_274' title='bbox 975 2309 1037 2333; x_wconf 90' lang='lat' dir='ltr'>ore</span> 
     </span>
     <span class='ocr_line' id='line_1_42' title="bbox 148 2347 1137 2399; baseline 0.002 -15"><span class='ocrx_word' id='word_1_275' title='bbox 148 2347 328 2385; x_wconf 79' lang='lat' dir='ltr'>Scintillae</span> <span class='ocrx_word' id='word_1_276' title='bbox 347 2348 561 2395; x_wconf 82' lang='lat' dir='ltr'>absistunt3</span> <span class='ocrx_word' id='word_1_277' title='bbox 590 2348 706 2386; x_wconf 79' lang='lat' dir='ltr'>oculis</span> <span class='ocrx_word' id='word_1_278' title='bbox 726 2348 842 2386; x_wconf 87' lang='lat' dir='ltr'>micat</span> <span class='ocrx_word' id='word_1_279' title='bbox 861 2349 1035 2386; x_wconf 80' lang='lat' dir='ltr'>acribus·</span> <span class='ocrx_word' id='word_1_280' title='bbox 1026 2349 1137 2399; x_wconf 83' lang='lat' dir='ltr'>ignis.</span> 
     </span>
     <span class='ocr_line' id='line_1_43' title="bbox 147 2400 1095 2452; baseline 0.002 -15"><span class='ocrx_word' id='word_1_281' title='bbox 147 2400 326 2451; x_wconf 85' lang='lat' dir='ltr'>Mugitus</span> <span class='ocrx_word' id='word_1_282' title='bbox 344 2401 464 2439; x_wconf 87' lang='lat' dir='ltr'>veluti</span> <span class='ocrx_word' id='word_1_283' title='bbox 483 2414 600 2451; x_wconf 91' lang='lat' dir='ltr'>quum</span> <span class='ocrx_word' id='word_1_284' title='bbox 617 2401 741 2452; x_wconf 85' lang='lat' dir='ltr'>prima</span> <span class='ocrx_word' id='word_1_285' title='bbox 758 2401 798 2438; x_wconf 92' lang='lat' dir='ltr'>in</span> <span class='ocrx_word' id='word_1_286' title='bbox 816 2402 946 2452; x_wconf 88' lang='lat' dir='ltr'>proelia</span> <span class='ocrx_word' id='word_1_287' title='bbox 963 2404 1095 2439; x_wconf 85' lang='lat' dir='ltr'>taurus</span> 
     </span>
     <span class='ocr_line' id='line_1_44' title="bbox 148 2453 1085 2504; baseline 0.001 -13"><span class='ocrx_word' id='word_1_288' title='bbox 148 2453 346 2492; x_wconf 84' lang='lat' dir='ltr'>Terrificos</span> <span class='ocrx_word' id='word_1_289' title='bbox 365 2455 450 2501; x_wconf 86' lang='lat' dir='ltr'>ciet,</span> <span class='ocrx_word' id='word_1_290' title='bbox 469 2454 611 2504; x_wconf 90' lang='lat' dir='ltr'>atque</span> <span class='ocrx_word' id='word_1_291' title='bbox 601 2455 711 2492; x_wconf 78' lang='lat' dir='ltr'>irasci</span> <span class='ocrx_word' id='word_1_292' title='bbox 728 2455 769 2492; x_wconf 89' lang='lat' dir='ltr'>in</span> <span class='ocrx_word' id='word_1_293' title='bbox 788 2469 851 2493; x_wconf 88' lang='grc'>001</span> <span class='ocrx_word' id='word_1_294' title='bbox 852 2469 928 2492; x_wconf 88' lang='lat' dir='ltr'>nua</span> <span class='ocrx_word' id='word_1_295' title='bbox 945 2458 1085 2502; x_wconf 84' lang='lat' dir='ltr'>tentat,</span> 
     </span>
     <span class='ocr_line' id='line_1_45' title="bbox 146 2507 1042 2557; baseline 0.002 -13"><span class='ocrx_word' id='word_1_296' title='bbox 146 2507 304 2544; x_wconf 77' lang='lat' dir='ltr'>Arboris</span> <span class='ocrx_word' id='word_1_297' title='bbox 324 2507 482 2545; x_wconf 80' lang='lat' dir='ltr'>obnixus</span> <span class='ocrx_word' id='word_1_298' title='bbox 500 2510 648 2555; x_wconf 83' lang='lat' dir='ltr'>trunco,</span> <span class='ocrx_word' id='word_1_299' title='bbox 666 2510 874 2557; x_wconf 86' lang='lat' dir='ltr'>ventosque</span> <span class='ocrx_word' id='word_1_300' title='bbox 893 2509 1042 2546; x_wconf 80' lang='lat' dir='ltr'>lacessit</span> 
     </span>
     <span class='ocr_line' id='line_1_46' title="bbox 148 2560 1094 2612; baseline 0.002 -15"><span class='ocrx_word' id='word_1_301' title='bbox 148 2560 308 2607; x_wconf 84' lang='lat' dir='ltr'>Ictibus,</span> <span class='ocrx_word' id='word_1_302' title='bbox 328 2562 367 2598; x_wconf 86' lang='lat' dir='ltr'>et</span> <span class='ocrx_word' id='word_1_303' title='bbox 386 2574 514 2611; x_wconf 87' lang='lat' dir='ltr'>sparsa</span> <span class='ocrx_word' id='word_1_304' title='bbox 531 2561 579 2598; x_wconf 88' lang='lat' dir='ltr'>ad</span> <span class='ocrx_word' id='word_1_305' title='bbox 596 2574 765 2611; x_wconf 84' lang='lat' dir='ltr'>pugnam</span> <span class='ocrx_word' id='word_1_306' title='bbox 783 2561 952 2612; x_wconf 80' lang='lat' dir='ltr'>proludit</span> <span class='ocrx_word' id='word_1_307' title='bbox 971 2575 1094 2599; x_wconf 87' lang='lat' dir='ltr'>arena.</span> 
     </span>
    </p>

    <p class='ocr_par' dir='ltr' id='par_1_12' title="bbox 200 2613 1123 2653">
     <span class='ocr_line' id='line_1_47' title="bbox 200 2613 1123 2653; baseline 0 -2"><span class='ocrx_word' id='word_1_308' title='bbox 200 2613 284 2652; x_wconf 87' lang='lat' dir='ltr'>Nec</span> <span class='ocrx_word' id='word_1_309' title='bbox 302 2613 428 2651; x_wconf 88' lang='lat' dir='ltr'>minus</span> <span class='ocrx_word' id='word_1_310' title='bbox 446 2613 591 2652; x_wconf 90' lang='lat' dir='ltr'>interea</span> <span class='ocrx_word' id='word_1_311' title='bbox 608 2614 790 2652; x_wconf 86' lang='lat' dir='ltr'>maternis</span> <span class='ocrx_word' id='word_1_312' title='bbox 810 2628 929 2653; x_wconf 84' lang='lat' dir='ltr'>saevus</span> <span class='ocrx_word' id='word_1_313' title='bbox 948 2615 989 2653; x_wconf 88' lang='lat' dir='ltr'>in</span> <span class='ocrx_word' id='word_1_314' title='bbox 1009 2614 1123 2653; x_wconf 84' lang='lat' dir='ltr'>armis</span> 
     </span>
    </p>
   </div>
  </div>
 </body>
</html>
