1705 2744
288 96 367 134 256
685 104 720 131 P.
740 104 928 131 VIRGILII
947 104 1137 132 MARoms

290 201 362 238 Dis
381 199 509 238 sedem
528 199 704 249 exiguam
722 198 856 249 patriis
874 198 1040 249 litusque
1059 213 1236 250 rogamus

291 254 519 299 Innocuum,
539 254 579 290 et
598 252 746 290 cunctis
764 252 980 302 undamque
999 266 1202 303 auramque
1221 255 1429 304 patentem.

292 307 385 344 Non
404 306 543 344 erimus
561 318 678 355 regno
697 305 911 343 indecores:
940 319 1008 343 nec
1027 308 1154 345 vestra
1172 307 1314 345 feretur

294 359 416 397 Fama
432 359 538 406 levis,
556 358 704 396 tantive
723 358 911 396 abolescet
930 359 1053 408 gratia
1071 359 1185 407 facti,

292 413 334 450 N
336 426 377 450 ec
396 412 550 463 Trojam
568 411 758 448 Ausonios
778 411 922 461 gremio
941 412 1128 462 excepisse
1145 413 1304 463 pigebit.

293 466 394 503 Fata
411 479 477 515 per
495 465 624 502 AEneae
637 464 737 514 juro,
757 464 1002 514 dextramque
1020 467 1230 515 potentem,

293 519 380 556 Sive
400 519 484 564 fide,
505 531 570 555 seu
589 518 672 567 quis
690 517 788 555 bello
808 519 866 554 est
885 520 1061 567 expertus
1080 520 1119 556 et
1138 519 1274 565 armis3

293 572 414 608 Multi
432 585 501 609 nos
520 571 660 621 populi,
679 570 912 608 multae-ne
930 573 1069 618 temne,
1090 572 1191 620 quod
1208 572 1311 610 ultro

294 625 535 662 Praeferimus
554 624 728 661 manibus
747 623 866 660 vittas
885 637 927 661 ac
945 624 1060 661 verba
1077 625 1324 674 precantia-—

293 678 349 715 Et
368 678 509 728 petiere
528 677 599 714 sibi
618 679 657 714 et
675 676 828 714 voluere
847 677 1051 727 adjungere
1069 680 1215 728 gentes.

294 731 368 768 Sed
386 744 455 767 nos
474 731 554 768 fata
572 730 685 767 deum
702 732 848 767 vestras
868 731 1059 779 exquirere
1077 733 1197 768 terras

294 784 470 834 Imperiis
489 797 598 833 egere
616 783 705 821 suis.
761 783 866 820 Hinc
885 783 1086 820 Dardanus
1106 785 1233 822 ortus:

293 837 385 874 Huc
404 837 555 887 repetit,
569 836 757 887 jussisque
775 836 995 886 ingentibus
1014 838 1127 887 urget
1146 837 1284 887 Apollo

294 890 536 940 Tyrrhenum
555 890 603 926 ad
621 889 809 939 Thybrim
829 891 867 926 et
886 889 1002 927 fontis
1021 890 1118 927 vada
1136 903 1241 928 sacra
1258 889 1426 928 Numici.

293 943 374 980 Dat
392 943 466 980 tibi
483 945 664 993 praeterea
682 943 845 980 fortunae
864 956 980 992 parva
997 943 1130 992 prioris

292 996 467 1042 Munera,
486 995 662 1045 reliquias
682 996 796 1046 Troja
814 1009 858 1033 ex
878 996 1033 1033 ardente
1052 999 1233 1046 receptas.

294 1049 383 1087 Hoc
401 1052 510 1099 pater
528 1049 714 1086 Anchises
734 1062 823 1086 auro
842 1049 985 1086 libabat
1003 1049 1051 1086 ad
1070 1063 1173 1087 aras:

294 1102 383 1140 Hoc
403 1102 547 1139 Priami
565 1104 762 1153 gestamen
781 1104 873 1148 erat,
893 1116 1011 1152 quum
1023 1102 1111 1152 jura
1129 1102 1273 1140 vocatis

294 1155 406 1193 EIore
425 1156 533 1193 daret
551 1155 710 1205 populis,
730 1157 995 1205 sceptrumque
1014 1169 1190 1206 sacerque
1207 1155 1335 1202 tiaras,

295 1208 534 1258 Iliadumque
551 1208 658 1246 labor
675 1208 839 1246 vestes.”

347 1262 502 1299 Talibus
523 1261 659 1299 Ilionei
677 1261 789 1298 dictis
809 1261 931 1298 defixa
949 1260 1111 1298 Latinus

295 1315 447 1352 Obtutu
465 1317 573 1353 tenet
592 1328 668 1360 ora,
687 1314 840 1364 soloque
858 1314 1062 1351 immobilis
1081 1314 1215 1360 haeret,

294 1367 474 1406 Intentos
492 1368 647 1405 volvens
666 1367 805 1404 oculos.
859 1366 943 1404 Nec
963 1378 1129 1416 purpura
1147 1379 1276 1417 regem

295 1420 408 1458 Picta
424 1423 565 1468 movet,
584 1434 652 1458 nec
672 1422 820 1470 Sceptra
837 1422 993 1457 movent
1013 1419 1204 1457 Priameia
1221 1420 1387 1465 tantum,

295 1474 493 1520 Quantum
510 1474 551 1511 in
570 1473 757 1511 connubio
776 1474 875 1510 natae
893 1472 1138 1522 thalamoque
1157 1474 1350 1518 moratur;

293 1527 350 1564 Et
368 1527 507 1564 veteris
527 1526 652 1563 Fauni
669 1526 789 1563 volvit
809 1526 878 1563 sub
897 1528 1049 1575 pectore
1068 1527 1222 1563 sortem.

294 1580 413 1617 Hunc
431 1580 540 1617 illum
558 1579 646 1616 fatis
666 1581 821 1616 externa
839 1578 886 1615 ab
905 1579 990 1616 sede
1009 1579 1222 1629 profectum

293 1633 479 1671 Portendi
497 1645 692 1683 generum,
711 1631 937 1682 paribusque
956 1631 996 1668 in
1014 1644 1132 1681 regna
1149 1629 1275 1668 vocari

293 1686 506 1736 Auspiciis3
534 1685 623 1722 huie
640 1685 860 1735 progeniem
878 1684 1022 1722 virtute
1040 1684 1211 1721 futuram

293 1739 513 1790 Egregiam,
533 1740 572 1776 et
590 1740 720 1776 totum
739 1751 824 1787 quae
841 1737 984 1775 viribus
1003 1739 1161 1787 occupet
1180 1736 1322 1774 orbem.

291 1793 461 1830 Tandem
478 1791 591 1829 laetus
611 1791 666 1829 ait
682 1807 690 1828 z
720 1794 741 1810 ‘⁴
757 1791 810 1828 Di
828 1793 960 1828 nostra
977 1791 1129 1840 incepta
1147 1790 1366 1836 secundent,

293 1845 586 1896 Auguriumque
605 1844 739 1882 suum!
794 1844 973 1890 Dabitur,
993 1843 1166 1894 Trojane,
1186 1843 1288 1893 quod
1309 1844 1441 1893 optas:

292 1899 458 1936 Munera
475 1911 544 1935 nec
563 1910 710 1948 sperno.
765 1897 858 1934 Non
875 1897 994 1943 vobis,
1014 1896 1102 1947 rege
1122 1896 1278 1944 Latino,

293 1951 438 1989 Divitis
457 1951 549 1988 uber
568 1951 651 2000 agri
669 1949 840 2000 Trojaeve
861 1950 1056 2000 opulentia
1074 1949 1205 1987 deerit.

294 2004 383 2054 Ipse
401 2004 514 2041 modo
534 2003 685 2050 AEneas,
703 2003 827 2040 nostri
846 2003 878 2040 si
895 2005 1007 2040 tanta
1025 2002 1160 2053 cupido
1179 2003 1250 2049 est,

294 2058 335 2095 Si
348 2057 462 2107 jungi
479 2056 646 2106 hospitio
664 2057 841 2106 properat
860 2056 1056 2105 sociusque
1074 2055 1212 2102 vocari,

293 2110 508 2155 Adveniat;
535 2109 665 2146 vultus
683 2122 777 2146 neve
796 2108 1036 2146 exhorrescat
1054 2108 1205 2145 amieos.

294 2163 388 2201 Pars
406 2161 503 2200 mihi
520 2161 622 2211 pacis
642 2161 712 2198 erit
730 2161 904 2198 dextram
921 2161 1095 2210 tetigisse
1113 2158 1280 2210 tyranni.

295 2216 372 2254 Vos
392 2217 525 2253 contra
543 2214 624 2264 regi
641 2227 726 2251 mea
743 2227 844 2251 nunc
862 2213 1043 2250 mandata
1060 2213 1207 2250 referte.

293 2270 368 2307 Est
387 2268 482 2306 mihi
499 2270 602 2314 nata,
620 2267 701 2304 viro
720 2267 846 2317 gentis
865 2280 979 2317 quam
990 2266 1152 2317 jungere
1169 2266 1322 2311 nostrae‚

293 2323 385 2360 Non
404 2320 527 2372 patrio
546 2334 591 2358 ex
610 2320 727 2371 adyto
747 2322 878 2366 sortes,
897 2333 975 2356 non
993 2319 1157 2369 plurima
1174 2318 1268 2356 coelo

293 2376 473 2413 Monstra
490 2374 644 2411 sinunt:
673 2386 830 2424 generos
850 2373 1014 2410 externis
1035 2372 1150 2410 affore
1169 2371 1216 2409 ab
1235 2370 1321 2417 oriS,

293 2429 382 2466 Hoc
401 2427 515 2465 Latio
534 2429 676 2464 restare
695 2427 848 2472 canunt,
868 2425 933 2475 qui
952 2425 1135 2476 sanguine
1153 2426 1331 2462 nostrum

292 2481 447 2519 Nomen
465 2480 506 2517 in
524 2482 627 2518 astra
644 2479 780 2517 ferant.
835 2478 953 2516 Hunc
972 2478 1082 2516 illum
1100 2491 1253 2529 poscere
1270 2477 1351 2514 fata

293 2535 348 2572 Et
366 2547 460 2580 reor,
479 2535 531 2579 et,
550 2533 581 2570 si
601 2532 692 2583 quid
709 2531 790 2570 veri
807 2545 914 2569 mens
933 2534 1107 2582 augm·at,
1127 2531 1260 2581 opt0.'’

293 2587 393 2626 Haec
412 2587 559 2634 effatus,
579 2599 693 2636 equos
711 2598 870 2624 numero
888 2587 996 2636 pater
1015 2585 1123 2636 eligit
1142 2583 1258 2623 omni.
