1705 2744
22 325 25 333 ⁴
75 309 83 329 0

630 45 818 73 AENEIDOS
839 46 920 72 LIB.
941 45 979 72 V.

167 142 395 193 ‘Sergestum
412 141 662 190 brevibusque
680 140 797 187 vadis,
817 140 1032 190 frustraque
1051 143 1253 178 vocantem

172 194 336 240 Auxilia,
356 197 395 233 et
414 194 544 232 fractis
564 194 772 231 discentem
791 207 938 231 currere
957 193 1082 230 remis.

173 249 268 286 Inde
288 248 401 298 Gyan
419 249 613 298 ipsamque
632 247 781 297 ingenti
799 247 897 284 mole
918 246 1145 283 Chimaeram

173 302 447 351 Consequitur-3
476 301 589 347 cedit,
610 300 787 350 quoniam
808 300 968 350 spoliata
986 300 1171 350 magistro
1191 302 1260 338 est.

172 355 280 392 Solus
293 354 447 405 jamque
465 354 546 404 ipso
566 356 735 404 superest
754 354 793 390 in
813 354 887 390 fine
908 353 1130 399 Cloanthus,

172 408 294 455 Quem
313 409 423 458 petit,
443 410 482 445 et
502 407 658 444 summis
679 407 836 444 adnixus
855 407 998 443 viribus
1017 409 1141 457 urget.

171 461 272 498 Tum
290 475 378 499 vero
397 461 608 511 ingeminat
628 461 779 507 clamor,
799 460 999 510 cunctique
1019 462 1239 510 sequentem

171 514 368 565 Instigant
388 514 535 560 studiis,
554 516 778 563 resonatque
797 513 1007 564 fragoribus
1027 513 1157 550 aether.

171 568 227 604 Hi
246 568 440 618 proprium
460 568 571 605 decus
591 570 629 605 et
648 570 802 617 partum
820 567 1070 616 indignantur
1088 567 1272 604 honorem

170 621 226 658 Ni
244 624 413 667 teneant,
431 621 625 671 vitamque
645 620 780 658 volunt
799 634 866 671 pro
885 620 994 657 laude
1014 620 1150 670 pacisci
1166 637 1173 666 ;

172 674 257 712 Hos
277 688 468 712 successus
488 674 576 712 alit:
606 676 777 724 possunt,
797 674 883 723 quia
901 687 1009 723 posse
1029 673 1218 711 videntur.

171 728 227 765 Et
245 727 321 765 fors
342 728 501 778 aequatis
521 727 707 777 cepissent
726 727 879 777 praemia
896 727 1040 771 rostris,

170 781 226 818 Ni
245 781 387 830 palrnas
406 783 525 831 ponto
544 781 702 818 tendens
721 783 899 830 utrasque
920 780 1130 817 Cloanthus

172 834 424 884 Fudissetque
442 848 580 884 preceS‚
600 835 779 884 divosque
799 834 838 870 in
858 836 947 871 vota
965 836 1158 871 vocasset:

172 890 192 906 “
206 887 270 933 Di,
286 888 421 938 quibus
439 888 640 937 imperium
655 890 712 925 est
732 887 866 937 pelagi,
882 901 1042 937 quorum
1057 901 1206 936 aequora
1220 901 1339 934 ciu'ro,

171 941 289 978 Vobis
308 941 416 978 laetus
436 954 506 991 ego
525 941 596 978 hoc
617 941 841 978 candentem
860 941 899 977 in
918 941 1028 978 litore
1047 943 1200 978 taurum

173 994 417 1032 Constituam
437 998 525 1032 ante
545 1008 637 1040 aras,
657 995 738 1032 voti
757 1008 853 1040 reus,
874 996 1034 1044 extaque
1054 994 1169 1031 salsos

172 1047 380 1085 Porriciam
399 1048 438 1085 in
458 1048 607 1093 fluctus,
628 1050 666 1085 et
685 1047 773 1084 vina
790 1048 975 1098 liquentia
992 1047 1189 1084 fundam.'’

172 1101 295 1147 Dixit,
315 1115 475 1151 eumque
494 1101 580 1138 imis
600 1102 669 1138 sub
689 1101 867 1138 fiuctibus
887 1101 1006 1138 audiit
1027 1101 1148 1137 omnis

172 1154 381 1192 Nereidum
402 1155 613 1205 Phorcique
633 1155 780 1201 chorus,
802 1155 1051 1205 Panopeaque
1070 1154 1200 1205 virg03

178 1635 233 1672 Et
252 1638 359 1685 pater
377 1635 456 1685 ipse
474 1649 590 1672 manu
608 1650 747 1686 magna
767 1637 960 1673 Portunus
980 1638 1134 1674 euntem

176 1688 350 1738 Impulit.
407 1689 479 1726 Illa
498 1693 590 1726 noto
610 1690 721 1726 citius
741 1690 956 1738 volucrique
976 1690 1119 1739 sagitta

175 1742 238 1778 Ad
256 1744 398 1779 terram
417 1742 529 1792 fugit,
549 1745 588 1779 et
606 1746 720 1792 portu
740 1757 777 1780 se
797 1743 966 1780 condidit
986 1743 1075 1779 alto.

176 1795 277 1831 Tum
296 1798 400 1832 satus
420 1795 599 1841 Anchisa,
619 1796 765 1833 cunetis
785 1810 829 1833 ex
849 1810 951 1833 more
970 1796 1126 1842 vocatis,

175 1848 371 1886 Victorem
390 1862 529 1898 magna
547 1850 727 1898 praeconis
747 1863 837 1886 voce
858 1849 1090 1886 Cloanthum

174 1901 367 1948 Declarat,
386 1902 571 1951 viridique
591 1902 741 1939 advelat
760 1905 932 1952 tempora
950 1902 1055 1939 lauro
1074 1918 1082 1948 3

175 1955 412 2005 Muneraque
430 1955 469 1992 in
488 1969 602 1992 naves
621 1958 750 1993 ternos
770 1958 899 2006 optare
912 1957 1094 2006 juvencos

174 2008 358 2059 Vinaque,
379 2011 418 2045 et
438 2010 587 2059 argenti
606 2023 790 2059 magnum
809 2009 875 2046 dat
894 2009 989 2046 ferre
1009 2009 1212 2046 talentum.

174 2060 275 2112 Ipsis
294 2062 500 2112 praeoipuos
520 2062 739 2100 ductoribus
760 2062 865 2099 addit
884 2062 1067 2100 honores:

174 2114 323 2153 Victori
341 2115 580 2166 chlamydem
600 2118 783 2161 auratam,
804 2129 918 2164 quam
936 2115 1098 2165 plurima
1117 2116 1258 2153 circum

176 2168 349 2219 Purpura
369 2169 570 2206 Maeandro
590 2169 730 2219 duplici
749 2169 932 2207 Meliboea
950 2169 1139 2217 cucurrit3

176 2221 429 2272 Intextusque
448 2236 540 2272 puer
558 2222 735 2260 frondosa
752 2223 877 2273 regius
898 2222 970 2260 Ida

176 2274 332 2313 Veloces
345 2275 472 2326 jaculo
492 2289 619 2313 cervos
639 2289 823 2326 cursuque
842 2276 981 2326 fatigat

177 2328 287 2375 Acer,
306 2329 501 2367 anhelanti
520 2329 663 2376 similis,
684 2344 796 2380 quem
815 2343 956 2380 praepes
977 2329 1023 2367 ab
1043 2329 1115 2366 Ida

179 2380 386 2419 Sublimem
404 2382 562 2433 pedibus
581 2383 707 2433 rapuit
727 2383 754 2420 J
757 2383 837 2420 ovis
857 2383 1020 2433 armiger
1038 2382 1157 2420 uncis.

179 2433 365 2484 Longaevi
382 2436 525 2486 palmas
544 2437 800 2487 nequidquam
820 2437 866 2473 ad
886 2437 1007 2474 sidera
1024 2436 1191 2473 tendunt

180 2486 386 2535 Custodem
415 2489 596 2539 saevitque
616 2504 752 2527 eanum
771 2490 932 2527 latratus
951 2490 991 2527 in
1011 2503 1131 2527 auras.

179 2541 236 2577 At
255 2540 319 2591 qui
338 2542 470 2580 deinde
489 2543 615 2580 locum
633 2543 761 2582 tenuit
780 2543 924 2581 virtute
944 2543 1162 2590 seeundum,

1363 38 1439 74 199
