1705 2744
252 96 275 131 6
645 107 678 133 P.
699 106 883 134 vmfflm
902 108 1088 136 MARONIS

253 198 286 236 O
309 200 463 236 tantum
481 199 596 238 libeat
615 214 763 239 mecum
781 202 853 240 tibi
872 203 1020 240 sordida
1037 216 1123 240 rura

253 251 381 301 Atque
400 252 559 291 humiles
578 254 748 292 habitare
767 268 880 302 casas,
900 258 938 293 et
957 256 1071 305 figere
1090 268 1227 300 cchOS,

252 303 534 356 Haedorumque
552 320 704 357 gregem
723 307 832 344 viridi
851 308 1069 358 compellere
1087 308 1249 346 hibisco!

254 356 407 394 Mecum
427 372 501 396 una
518 359 557 396 in
576 359 677 396 silvis
696 360 890 398 imitabere
908 361 1012 398 Pana
1031 361 1217 407 canend03

254 409 336 446 Pan
355 410 497 460 primus
517 412 676 449 calamos
695 426 777 450 cera
795 413 1018 464 conjungere
1036 414 1159 463 plures

255 461 456 510 Instituit;
485 464 565 502 Pan
585 468 691 503 curat
710 479 796 503 oves
816 466 1014 515 oviumque
1033 467 1245 516 magistros.

255 514 337 553 Nec
356 518 396 553 te
414 517 597 566 poeniteat
616 519 756 555 calamo
774 518 923 555 trivisse
940 518 1137 556 labellum:

255 567 352 606 Haec
371 570 499 608 cadem
520 573 564 608 ut
583 571 705 616 sciret,
725 571 815 621 quid
832 584 908 608 non
927 571 1085 608 faciebat
1104 573 1293 621 Amyntas
1311 570 1327 608 Ρ

257 619 332 658 Est
350 622 445 659 mihi
465 623 671 673 disparibus
691 626 835 673 septem
854 626 1048 673 compacta
1066 624 1198 661 cicutis

257 671 417 720 Fistula,
437 675 633 714 Damoetas
653 677 750 714 dono
769 676 863 713 mihi
882 690 993 727 quam
1013 676 1117 714 dedit
1136 677 1237 722 olim,

257 729 312 766 Et
332 727 427 765 dixit
446 729 628 767 moriens:
659 732 667 748 ‘
684 729 737 766 Te
755 743 854 766 nunc
873 729 988 766 habet
1006 729 1080 766 ista
1098 728 1327 767 secundum.'

256 781 367 819 Dixit
386 782 583 819 Damoetas
600 799 607 819 ι
635 782 771 818 invidit
791 782 932 819 stultus
951 783 1150 832 Ainyntas.

257 834 446 872 Praeterea
464 835 537 871 duo
556 848 623 872 nec
641 837 728 872 tuta
747 835 841 871 mihi
859 835 955 872 valle
974 835 1113 885 reperti

257 887 439 936 Capleoli,
459 887 594 937 sparsis
613 888 729 925 etiam
747 901 846 925 nunc
865 888 1022 938 pellibus
1042 888 1136 933 albo,

256 940 356 977 Bina
374 940 433 978 die
452 940 593 977 siccant
612 941 691 978 ovis
710 941 844 987 ubera3
872 954 964 990 quos
983 941 1054 977 tibi
1073 954 1190 978 servo.

256 992 283 1029 J
286 1006 347 1029 am
365 993 509 1043 pridem
529 1007 550 1030 a
568 1007 628 1031 me
646 993 727 1031 illos
747 993 927 1031 abducere
946 993 1138 1043 Thestylis
1157 995 1239 1030 orat
1256 1009 1264 1039 ;

255 1045 311 1082 Et
330 1046 452 1092 faciet,
472 1046 647 1096 quoniam
667 1047 819 1084 sordent
837 1046 909 1083 tibi
927 1059 1083 1083 munera
1100 1050 1240 1083 nostra.

255 1098 346 1136 Huc
364 1099 462 1144 ades,
482 1112 503 1136 o
522 1100 682 1137 formose
699 1112 791 1149 puer
807 1116 814 1136 ;
843 1099 914 1136 tibi
930 1099 1009 1136 lilia
1026 1098 1156 1149 plenis,

256 1150 366 1198 Ecce,
386 1152 512 1189 ferimt
531 1152 723 1202 Nymphae
742 1152 920 1198 calathis3
948 1152 1020 1188 tibi
1039 1152 1196 1189 candida
1212 1150 1319 1196 Nais,

256 1199 447 1242 Pallentes
465 1205 581 1242 violas
600 1207 638 1242 et
658 1218 804 1242 summa
821 1218 1004 1255 papavera
1022 1218 1185 1254 carpens,

254 1256 478 1294 Narcissum
496 1260 534 1295 et
553 1257 683 1295 florem
695 1257 826 1308 jungit
845 1258 938 1295 bene
959 1258 1093 1294 olentis
1113 1256 1241 1295 anethi
1257 1272 1264 1301 ;

255 1309 366 1355 Tum,
387 1310 484 1347 casia
503 1313 615 1360 atque
635 1311 714 1347 aliis
733 1310 903 1347 intexens
923 1310 1097 1348 suavibus
1114 1309 1250 1355 herbis,

252 1361 385 1400 Mollia
402 1363 542 1400 luteola
559 1363 684 1413 pingit
703 1363 869 1400 vaccinia
887 1363 1023 1400 caltha.

253 1413 342 1465 Ispe
361 1429 430 1466 ego
450 1429 542 1453 cana
558 1416 681 1466 legam
700 1418 829 1453 tenera
845 1415 1022 1466 lanugine
1040 1415 1148 1461 mala,

255 1470 535 1518 Castaneasque
553 1482 678 1513 nuceS,
697 1482 780 1506 mea
799 1482 889 1518 quas
908 1468 1111 1518 Amaryllis
1131 1467 1292 1505 amabat.

254 1522 406 1560 Addam
425 1535 529 1559 cerea
546 1534 687 1571 pruna3
715 1521 834 1558 honos
853 1521 924 1559 erit
943 1521 1030 1558 huic
1050 1534 1195 1571 quoque
1214 1533 1324 1570 pomo
1340 1535 1348 1565 ;

254 1577 310 1613 Et
329 1588 407 1620 vos,
427 1589 448 1612 o
467 1575 573 1621 lauri,
593 1587 752 1624 carpam,
772 1577 811 1611 et
828 1576 880 1619 te,
899 1574 1068 1624 proxima
1085 1576 1209 1624 myrte
1225 1590 1232 1620 ;

255 1629 316 1666 Sic
335 1628 470 1677 positae
490 1627 668 1677 quoniam
687 1640 817 1664 suaves
835 1627 1000 1664 miscetis
1019 1627 1160 1664 odores

254 1680 437 1718 Rusticus
457 1694 506 1726 es,
527 1680 714 1730 Corydon,
734 1693 802 1717 nec
820 1693 976 1717 munera
994 1683 1100 1717 curat
1120 1678 1270 1724 Alexis,

254 1734 348 1780 Nec,
368 1734 400 1770 si
417 1733 634 1770 muneribus
654 1734 784 1778 certeS,
803 1733 982 1770 concedat
1001 1733 1114 1770 Iolas.

254 1787 356 1831 Heu,
376 1787 461 1832 heu,
482 1786 572 1836 quid
589 1785 691 1823 volui
709 1786 844 1823 misero
862 1786 957 1822 mihi
973 1785 990 1823 Ῥ
1018 1786 1171 1823 floribus
1190 1784 1376 1821 Austrum

254 1839 431 1877 Perditus
450 1842 488 1876 et
507 1838 658 1887 liquidis
676 1838 815 1875 immisi
832 1839 1001 1876 fontibus
1020 1852 1139 1888 apros.

254 1892 374 1938 Quem
393 1892 505 1942 fugis,
525 1892 573 1928 ah
592 1890 774 1929 demens?
802 1891 1023 1929 habitarunt
1042 1891 1080 1929 ‹li
1099 1903 1245 1940 quoque
1263 1889 1385 1934 silvas,

252 1945 540 1994 Dardaniusque
559 1944 677 1981 Paris.
732 1944 867 1990 Pallas,
887 1958 977 1994 quas
997 1943 1176 1989 condidit,
1195 1955 1295 1979 arces

254 1997 345 2046 Ipsa
363 1998 483 2035 colat:
511 1997 619 2034 nobis
638 1997 810 2046 placeant
829 1999 917 2034 ante
936 1997 1062 2034 omnia
1081 1996 1192 2033 silvae.

253 2050 377 2087 Torva
395 2050 510 2087 leaena
527 2050 659 2099 lupum
678 2050 857 2099 sequitur,
876 2050 986 2099 lupus
1005 2049 1083 2098 ipse
1103 2047 1303 2098 capellam3

254 2102 473 2140 Florentem
491 2102 656 2152 cytisum
675 2102 843 2152 sequitur
861 2102 999 2139 lasciva
1017 2101 1180 2151 capella;

253 2155 308 2192 Te.
328 2155 515 2206 Corydon,
535 2169 556 2193 o
576 2155 706 2201 Alexi3
733 2155 854 2192 trahit
873 2168 939 2191 sua
958 2167 1141 2204 quemque
1159 2153 1345 2203 voluptas.

253 2208 401 2257 Aspice,
421 2210 545 2245 aratra
556 2208 650 2258 jugo
669 2208 835 2245 referunt
854 2221 1031 2256 suspensa
1043 2206 1207 2257 juvenci,

254 2261 309 2298 Et
328 2261 384 2298 sol
403 2264 610 2298 crescentes
630 2260 809 2298 decedens
829 2260 996 2310 duplicat
1015 2260 1188 2297 umbras:

252 2313 315 2351 Me
334 2316 463 2351 tamen
481 2314 558 2350 urit
577 2326 702 2359 amor3
731 2313 812 2363 quis
832 2313 931 2350 enim
950 2313 1083 2350 modus
1103 2313 1202 2349 adsit
1221 2310 1370 2350 amori?

253 2366 317 2403 Ah
337 2366 525 2415 Corydon,
546 2365 732 2415 Corydon,
752 2379 836 2415 quae
857 2368 896 2403 te
915 2366 1105 2403 dementia
1122 2366 1242 2416 cepit!

253 2419 491 2468 Semiputata
508 2418 579 2455 tibi
598 2419 783 2464 frondosa,
802 2419 892 2455 vitis
911 2419 951 2455 in
970 2419 1072 2455 ulmo
1093 2421 1161 2455 est.

253 2471 353 2518 Quin
371 2475 416 2509 tu
435 2471 576 2521 aliquid
594 2471 728 2508 saltem
746 2471 884 2520 potius,
903 2485 1062 2520 quorum
1080 2471 1226 2522 indiget
1244 2484 1345 2517 usus,

250 2524 465 2561 Vimjm'bus
485 2524 661 2573 mollique
680 2538 786 2574 paras
806 2525 977 2561 detexere
991 2524 1118 2573 junco.

252 2577 427 2616 Invenies
447 2577 573 2624 alium,
593 2577 624 2614 si
642 2579 681 2614 te
700 2577 761 2614 hic
779 2577 938 2623 fastidit,
958 2576 1132 2614 Alexin.’'
