1705 2744
319 114 398 151 254
730 124 765 150 Ρ.
786 123 973 151 vmeun
993 124 1182 153 MARoms

319 217 452 255 Ardua
470 217 673 255 cernebant
687 217 856 268 juvenes,
877 232 1058 269 muroque
1077 219 1277 258 subibant:

320 272 424 308 Ante
443 271 574 307 urbem
594 271 698 320 pueri
718 274 757 308 et
776 271 955 320 primaevo
974 272 1063 309 flore
1076 273 1258 323 juventus

321 323 559 361 Exercentur
578 324 693 372 cquis,
713 324 977 374 domitantque
996 325 1035 361 in
1054 325 1206 375 pulvere
1226 340 1377 373 currus;

322 378 405 413 Aut
425 389 525 413 acres
544 376 709 413 tendunt
728 390 846 422 arcus,
867 380 934 414 aut
953 377 1056 415 lenta
1074 378 1223 415 lacertis

320 429 472 479 Spicula
490 431 753 478 contorquent,
773 443 956 479 cursuque
975 430 1127 479 ictuque
1146 431 1356 470 lacessunt:

323 482 450 528 Quum
469 484 679 531 praevectus
699 495 795 532 equo
814 482 975 533 longaevi
994 484 1092 533 regis
1113 484 1159 521 ad
1178 497 1284 522 aures

320 534 496 571 Nuncius
516 535 689 584 ingentes
708 535 841 584 ignota
859 535 899 572 in
917 538 1021 573 veste
1040 539 1209 585 reportat

319 587 529 624 Advenisse
548 588 659 625 viros.
715 587 786 624 Ille
805 588 907 625 iutra
924 590 1028 625 tecta
1045 589 1171 626 vocari

321 640 504 690 Imperat,
524 643 562 677 et
582 640 674 678 solio
694 641 838 677 medius
858 641 1027 678 consedit
1047 642 1160 679 avito.

321 693 484 730 Tectum
504 695 721 743 augustuni,
741 693 886 743 ingens,
906 697 1061 731 centum
1081 695 1240 733 sublime
1260 695 1455 743 columnis,

320 745 426 783 Urbe
446 746 519 782 fuit
539 759 696 792 summa,
717 746 919 783 Laurentis
938 747 1042 797 regia
1061 747 1154 794 Pici,

320 798 568 836 Horrendum
587 799 690 836 silvis
710 801 749 836 et
768 799 947 849 religione
967 803 1180 849 parentum.

320 851 400 888 Hie
419 856 567 901 sceptra
586 852 762 902 accipere,
782 855 821 889 et
839 852 980 902 primos
1000 853 1173 891 attollere
1192 853 1308 891 fasces

320 903 492 954 Regibus
512 918 622 942 omen
642 907 744 951 erat3
773 904 844 942 hoc
864 905 937 942 illis
958 905 1061 942 curia
1078 906 1276 956 templum,

320 957 397 994 Hae
417 957 530 994 sacris
550 957 654 995 sedes
674 957 814 1007 epulis;
842 957 903 995 hic
924 958 1039 995 ariete
1058 971 1155 997 caeso

320 1009 520 1059 Perpetuis
541 1010 643 1048 soliti
661 1014 786 1060 patres
807 1010 997 1048 considere
1015 1012 1167 1049 mensis.

321 1063 423 1108 Quin
442 1063 557 1100 etiam
575 1066 748 1101 veterum
767 1064 907 1113 effigies
927 1077 972 1101 ex
991 1064 1120 1102 ordine
1140 1078 1296 1102 avorum

319 1116 491 1166 Antiqua
510 1130 529 1153 e
549 1117 669 1163 cedro,
690 1116 899 1167 Italusque,
918 1120 1102 1167 paterque
1122 1118 1283 1155 Sabinus

320 1168 509 1206 Vitisator
529 1182 682 1206 curvam
702 1182 853 1207 servans
873 1170 942 1207 sub
962 1170 1128 1220 imagine
1147 1171 1294 1217 falcem,

321 1948 581 1997 Saturnusque
601 1961 724 1994 senex,
746 1948 774 1985 J
776 1948 910 1998 anique
929 1947 1107 1986 bifrontis
1126 1947 1264 1997 imago,

321 2000 522 2038 Vestibulo
542 2000 766 2047 adstabant;
796 2002 930 2051 aliique
950 2002 996 2039 ab
1016 2001 1161 2051 origine
1179 2013 1297 2050 reges,

320 2053 539 2102 Martiaque
559 2054 606 2090 ob
625 2054 788 2102 patriam
807 2054 1012 2104 pugnando
1031 2054 1188 2090 vulnera
1206 2051 1316 2102 passi.

320 2106 523 2155 ZMultaque
541 2108 723 2155 praeterea
740 2107 852 2143 sacris
871 2107 910 2143 in
929 2107 1100 2156 postibus
1120 2118 1234 2150 arma,

323 2159 475 2208 Captivi
493 2158 659 2208 pendent
679 2172 820 2205 currus,
841 2172 1036 2208 curvaeque
1056 2171 1213 2203 secures,

322 2212 378 2249 Et
398 2211 523 2249 cristae
543 2211 723 2261 capitum,
743 2214 782 2249 et
801 2214 999 2261 portarum
1018 2210 1190 2260 ingentia
1209 2209 1383 2254 claustra,

323 2264 557 2314 Spiculaque,
578 2264 770 2313 clipeique,
790 2267 992 2314 ereptaque
1010 2266 1134 2301 rostra
1152 2262 1298 2300 carinis.

322 2318 412 2367 Ipse
431 2316 618 2363 Quirinali
636 2317 732 2354 lituo
751 2331 940 2367 parvaque
960 2317 1114 2354 sedebat

323 2370 546 2408 Succinctus
566 2370 706 2416 trabea,
725 2370 892 2420 laevaque
911 2370 1029 2407 ancile
1048 2369 1203 2419 gerebat

322 2423 449 2468 Picus,
469 2436 608 2472 equum
628 2423 793 2461 domitor
810 2440 817 2460 :
848 2436 959 2472 quem
979 2425 1089 2472 capta
1107 2420 1280 2471 cupidine
1300 2418 1435 2469 conjux

321 2477 448 2513 Aurea
466 2489 684 2525 percussum
703 2476 820 2526 virga,
840 2489 1063 2524 versumque
1081 2474 1246 2519 venenis,

323 2529 433 2566 Fecit
454 2541 561 2565 avem
582 2527 699 2574 Circe,
719 2529 930 2578 sparsitque
949 2528 1133 2566 coloribus
1153 2526 1241 2564 alas.

324 2581 408 2619 Tali
426 2581 531 2618 intus
550 2581 694 2631 templo
714 2582 844 2619 divum
862 2582 1057 2632 patriaque
1076 2580 1238 2618 Latinus
