1705 2744
590 122 778 149 AENEIDos
798 122 880 148 ΠΒ.
901 121 956 147 IV.
1330 111 1378 150 17
1381 112 1405 148 9

142 218 280 256 Omnia
298 220 386 256 tuta
402 217 553 255 timens.
609 217 755 254 Eadem
774 215 891 266 impia
909 215 1028 252 Fama
1046 215 1188 253 furenti

140 272 294 309 Detulit
313 271 449 309 armari
468 270 634 316 classem,
655 282 879 319 cursumque
897 268 1031 319 parari.

141 325 259 362 Saevit
278 325 385 375 inops
405 323 531 369 animi,
551 326 749 372 totamque
767 323 920 360 incensa
937 335 1003 371 per
1021 321 1151 359 urbem

138 1535 374 1573 Bacchatur:
403 1536 521 1585 qualis
541 1536 740 1574 commotis
760 1537 882 1574 excita
901 1536 1013 1574 sacris

138 1588 292 1638 Thyias⁷
311 1588 377 1626 ubi
395 1589 524 1627 audito
544 1590 744 1627 stimulant
763 1589 954 1627 trieterica
972 1589 1123 1626 Baccho

138 1641 265 1691 Orgia,
284 1644 565 1692 nocturnusque
584 1645 695 1680 vocat
714 1643 874 1680 clamore
895 1642 1103 1680 Cithaeron.

138 1694 308 1731 Tandem
326 1694 386 1731 his
405 1695 553 1732 AEnean
572 1695 772 1745 compellat
790 1696 944 1733 vocibus
963 1696 1086 1732 ultro:

190 1747 473 1785 “Dissimulare
492 1748 607 1785 etiam
626 1749 795 1798 sperasti,
813 1749 965 1798 perfide,
984 1750 1138 1785 tantum

136 1799 253 1837 Posse
272 1800 386 1846 nefas,
405 1801 618 1851 tacitusque
636 1815 720 1839 mea
738 1802 912 1839 decedere
931 1800 1063 1838 terra?

135 1852 218 1890 Nec
237 1855 277 1890 te
296 1855 424 1891 noster
442 1867 557 1900 amor,
577 1867 644 1891 nec
663 1856 703 1892 te
722 1855 811 1891 data
829 1855 982 1892 dextera
1001 1853 1201 1904 quondam,

134 1905 218 1943 Nec
237 1907 421 1943 moritura
439 1909 545 1944 tenet
565 1908 705 1945 crudeli
722 1908 851 1945 funere
875 1908 971 1945 Dido
989 1906 1006 1945 P

135 1959 237 2005 Quin
256 1959 372 1997 etiam
391 1960 547 1998 hiberno
566 1961 709 1998 moliris
729 1961 847 1998 sidere
866 1961 1033 2005 classem,

133 2012 189 2050 Et
208 2013 341 2050 mediis
360 2026 535 2063 properas
555 2013 790 2063 aquilonibus
808 2014 861 2051 ire
879 2027 945 2064 per
964 2014 1096 2058 altum,

134 2064 304 2103 Crudelis
320 2065 336 2103 ’.Ρ
367 2065 498 2112 Quid?
528 2067 558 2103 si
578 2080 654 2104 non
673 2080 761 2104 arva
780 2067 900 2104 aliena
918 2066 1123 2115 domosque

133 2117 294 2168 Ignotas
314 2121 471 2169 peteres,
491 2121 530 2157 et
550 2119 663 2170 Troja
681 2120 838 2170 antiqua
856 2121 1037 2166 maneret,

134 2170 248 2222 Troja
264 2185 331 2222 per
349 2172 537 2210 undosum
556 2175 750 2223 peteretur
769 2173 949 2211 classibus
968 2186 1096 2222 aequor
1111 2171 1128 2210 ⁴?

133 2223 244 2262 Mene
262 2225 394 2275 fugis?
442 2226 516 2263 Per
535 2240 605 2276 ego
624 2226 692 2264 has
711 2226 882 2264 lacrimas
902 2226 1147 2275 dextramque
1166 2227 1274 2263 tuam
1292 2227 1396 2271 te,—

136 2277 294 2323 Quando
313 2279 415 2316 aliud
433 2279 528 2316 mihi
541 2280 623 2329 jam
641 2279 788 2317 miserae
808 2279 905 2316 nihil
922 2280 1004 2330 ipsa
1021 2279 1221 2329 reliqui,—

136 2328 209 2367 Per
227 2332 413 2369 connubia
430 2334 572 2379 nostra,
590 2346 657 2383 per
674 2333 843 2383 inceptos
862 2333 1094 2383 hymenaeos,

136 2381 176 2419 Si
193 2383 286 2422 bene
305 2385 396 2435 quid
415 2385 460 2423 de
479 2387 519 2424 te
536 2386 669 2432 merui,
688 2386 762 2423 fuit
782 2388 848 2424 aut
867 2387 939 2424 tibi
958 2386 1164 2436 quidquam

135 2434 254 2475 Dulce
273 2451 422 2476 meum:
451 2439 625 2477 miserere
644 2440 777 2477 domus
796 2440 969 2485 labentis,
989 2441 1028 2477 et
1045 2439 1172 2485 istam,

136 2487 222 2536 Oro,
242 2490 272 2527 si
292 2491 374 2540 quis
393 2492 515 2530 adhuc
534 2493 705 2544 precibus
723 2493 838 2539 locus,
858 2506 950 2531 exue
968 2495 1148 2541 mentem.

135 2540 189 2579 Te
206 2547 360 2593 propter
378 2544 530 2596 Libyoae
549 2548 682 2595 gentes
701 2546 994 2595 Nomadumque
1012 2544 1168 2596 tyranni

135 2593 277 2643 Odere3
304 2597 440 2635 infensi
459 2598 589 2650 Tyrii3
616 2602 656 2637 te
674 2601 828 2650 propter
846 2600 1007 2637 eundem
