1705 2744
264 114 343 152 208
663 124 698 151 P.
719 123 906 151 vmcflLn
925 123 1114 151 mons

265 219 326 257 Sic
345 219 446 256 fatus
465 218 586 269 cingit
604 218 784 256 viridanti
803 221 974 269 tempora
991 219 1107 265 lauro,

264 273 321 309 Et
339 272 504 322 primurn
523 274 611 309 ante
630 285 759 310 omnes
778 271 960 309 victorem
980 273 1144 322 appellat
1163 272 1339 311 Acesten.

264 325 347 363 Nec
365 325 486 362 bonus
506 325 697 375 Eurytion
715 325 869 374 praelato
887 325 1026 362 invidit
1044 325 1199 372 honori3

265 378 444 424 Quamvis
464 378 563 415 solus
582 391 691 415 avem
709 377 803 416 coelo
822 378 956 428 dejecit
975 378 1021 415 ab
1040 379 1129 416 alto.

264 431 464 468 Proximus
482 431 695 481 ingreditur
714 431 833 477 donis,
853 431 917 481 qui
934 431 1084 469 vincula
1101 431 1228 482 rupit3

265 484 482 530 Extremus,
501 484 644 521 volucri
663 484 728 534 qui
745 483 829 521 fixit
849 484 1029 522 arundine
1048 484 1203 522 malum.

317 538 372 574 At
390 540 498 587 pater
517 537 667 584 AEneas,
686 537 855 574 nondum
874 537 1076 575 certamine
1095 538 1222 585 misso,

265 589 472 627 Custodem
491 590 538 627 ad
557 603 634 627 sese
654 590 904 640 comitemque
922 590 1086 640 impubis
1107 590 1184 628 Iuli

264 643 460 692 Epytiden
478 646 600 689 vocat,
620 645 659 680 et
677 643 792 680 fidam
811 643 863 680 sic
882 643 984 680 satur
1002 643 1050 680 ad
1068 657 1217 681 aurem:

263 696 405 733 “Vade
424 709 504 746 age,
523 698 562 733 et
581 673 755 743 Ascanio,
775 695 806 733 si
818 696 900 746 jam
917 696 1058 746 puerile
1076 699 1251 746 paratum

262 749 414 799 Agmen
432 749 548 787 habet
567 763 704 795 secum,
724 762 926 799 cuisusque
944 750 1126 787 instruxit
1145 762 1338 799 equorum,

262 801 390 840 Ducat
409 816 478 840 avo
496 805 654 849 turmas,
674 805 712 840 et
732 815 810 840 sese
829 802 1032 840 ostendat
1023 817 1063 839 111
1082 803 1207 849 armis,

263 855 376 901 Dic,’'
397 856 462 892 ait.
518 855 606 905 Ipse
625 869 777 893 omnem
794 855 908 906 longo
928 856 1103 893 decedeie
1122 856 1219 893 circo

264 908 441 945 Infusum
455 909 648 958 populum,
667 911 706 946 et
725 922 876 959 campos
889 909 1000 959 jubet
1019 922 1098 946 esse
1115 911 1302 959 patentes.

264 960 454 999 Incedunt
474 962 590 1012 pueri,
609 962 823 1012 pariterque
841 964 929 999 ante
949 976 1014 999 ora
1030 964 1232 1012 parentum

265 1014 439 1052 Frenatis
458 1015 586 1053 lucent
605 1015 645 1052 in
664 1015 789 1065 equis:
819 1029 911 1065 quos
930 1015 1052 1052 omnis
1072 1017 1204 1053 euntes

263 1067 462 1105 Trinacriae
481 1068 618 1106 mirata
636 1068 763 1106 fremit
783 1068 977 1119 Trojaeque
990 1068 1184 1119 juventus.

265 1120 449 1159 Omnibus
467 1121 507 1158 in
526 1135 670 1159 morem
687 1124 799 1159 tonsa
817 1135 923 1159 coma
940 1135 1067 1171 pressa
1085 1135 1241 1160 corona:

264 1173 409 1212 Cornea
427 1174 516 1212 bina
532 1175 659 1212 ferunt
678 1175 831 1225 praefixo
849 1175 1002 1212 hastilia
1019 1175 1128 1222 ferio,

262 1226 356 1264 Pars
374 1227 473 1265 leves
491 1227 648 1265 humero
666 1228 882 1278 pharetras3
909 1228 942 1265 it
960 1230 1111 1278 pectore
1129 1241 1278 1266 summo

264 1280 296 1316 F
298 1280 418 1318 lexihs
437 1281 581 1318 obtorti
598 1295 663 1331 per
682 1281 821 1318 collum
840 1281 892 1318 cii
895 1281 999 1318 culus
1018 1281 1110 1318 auri.

263 1333 356 1371 Tres
375 1334 547 1383 equitum
564 1347 720 1372 numero
738 1336 886 1381 turmae,
903 1334 1076 1384 ternique
1094 1336 1283 1384 vagantur

262 1386 473 1424 Ductores·
466 1418 474 1433 ,
501 1387 607 1437 pueri
625 1387 682 1424 bis
702 1387 782 1425 seni
800 1400 985 1437 quemque
1005 1386 1125 1424 secuti

263 1439 428 1489 Agmine
446 1440 588 1490 partito
607 1440 768 1490 fulgent,
787 1440 1011 1490 paribusque
1029 1438 1234 1490 magistris.

263 1492 353 1530 Una
371 1493 466 1530 acies
480 1493 676 1543 juvenum,
696 1493 800 1531 ducit
820 1506 933 1543 quam
950 1506 1088 1543 parvus
1107 1495 1286 1530 ovantem

264 1545 418 1583 Nomen
436 1546 497 1583 avi
513 1546 675 1584 referens
695 1546 881 1593 Priamus,
900 1548 969 1583 tua
987 1546 1095 1592 clara,
1115 1545 1252 1591 Polite,

263 1598 480 1648 ProgenieS,
501 1601 658 1636 auctura
675 1599 819 1645 Italos3
847 1612 960 1649 quem
977 1598 1160 1636 Thracius
1180 1598 1273 1636 albis

263 1651 403 1689 Portat
422 1665 539 1702 equus
557 1652 700 1690 bicolor
717 1652 887 1698 maculis,
905 1651 1067 1702 vestigia
1084 1651 1198 1701 primi

263 1705 363 1742 Alba
380 1705 485 1755 pedis
504 1705 742 1755 frontemque
761 1708 958 1743 ostentans
977 1705 1115 1742 arduus
1135 1704 1270 1742 albam.

262 1758 375 1795 Alter
393 1759 506 1808 Atys,
526 1771 645 1808 genus
663 1759 763 1796 unde
782 1759 867 1796 Atii
885 1758 1023 1795 duxere
1042 1758 1184 1805 Latini,

264 1810 409 1848 Parvus
430 1812 542 1862 Atys,
561 1825 750 1862 pueroque
768 1825 862 1861 puer
880 1811 1039 1849 dilectus
1058 1811 1157 1848 Iulo.

264 1863 482 1910 Extremus,
502 1864 696 1915 formaque
714 1868 802 1902 ante
822 1878 951 1902 omnes
969 1864 1136 1914 pulcher,
1156 1863 1264 1900 Iulus

265 1917 417 1955 Sidonio
437 1920 495 1955 est
513 1917 685 1956 invectus
704 1931 811 1968 equo,
831 1931 943 1967 quem
961 1917 1119 1955 candida
1137 1917 1239 1954 Dido

264 1970 360 2007 Esse
379 1970 437 2007 sui
456 1970 609 2008 dederat
627 1974 920 2008 monumentum
938 1973 977 2009 et
996 1971 1134 2021 pignus
1152 1969 1310 2007 amoris:

265 2022 399 2060 Cetera
418 2023 620 2061 Trinacriis
638 2024 755 2074 pubes
774 2024 928 2062 senioris
947 2024 1098 2061 Acestae

265 2075 406 2112 Fertur
424 2076 539 2125 equis.

263 2128 472 2178 Excipiunt
490 2129 623 2178 plausu
640 2128 807 2178 pavidos,
825 2129 1066 2179 gaudentque
1084 2130 1236 2165 tuentes

264 2181 514 2227 Dardanidae3
542 2183 787 2231 veterumque
806 2184 1016 2231 agnoscunt
1035 2195 1100 2218 ora
1117 2183 1330 2231 parentum.

265 2234 476 2284 Postquam
495 2248 645 2272 omnem
662 2234 742 2272 laeti
761 2248 975 2272 consessum
993 2235 1192 2284 oculosque
1211 2247 1364 2272 suorum

265 2287 492 2325 Lustravere
510 2287 551 2324 in
569 2287 672 2337 equis
687 2304 695 2333 ;
723 2287 874 2338 signum
893 2288 1052 2325 clamore
1070 2287 1211 2337 paratis

266 2341 453 2391 Epytides
471 2340 583 2391 longe
603 2341 718 2387 dedit,
737 2341 978 2391 insonuitque
997 2341 1157 2391 flagello.

267 2394 343 2432 Olli
361 2394 564 2431 discurrere
582 2407 701 2444 pares,
720 2396 833 2444 atque
851 2393 1003 2444 agmina
1020 2394 1121 2431 terni

266 2447 445 2484 Diductis
465 2447 605 2485 solvere
624 2446 757 2493 choris,
775 2460 977 2497 rursusque
995 2447 1122 2485 vocati

267 2499 495 2538 Convertere
513 2500 604 2547 vias,
622 2500 832 2551 infestaque
850 2500 928 2538 tela
945 2500 1077 2538 tulere.

267 2553 363 2591 Inde
383 2553 473 2591 alios
491 2553 625 2591 ineunt
644 2567 773 2591 cursus
792 2553 956 2604 aliosque
973 2566 1144 2591 recursus

267 2606 446 2644 Adversis
466 2607 608 2658 spatiis,
628 2607 854 2658 alternisque
873 2607 1025 2645 orbibus
1044 2607 1151 2644 orbes
