1674 2775
204 99 281 137 382
612 112 647 138 P.
667 111 854 138 VIRGILII
873 112 1062 139 MARONIS

203 204 348 242 Audiat
367 204 449 242 haec
470 205 641 253 Genitor,
661 206 725 255 qui
743 207 883 244 foedera
900 207 1059 245 fulmine
1078 209 1223 255 saneit3

204 257 337 308 Tango
357 272 460 304 aras3
488 259 631 296 medios
650 259 756 309 ignes
777 262 815 297 et
834 261 991 298 numina
1009 264 1152 300 testor:

204 310 324 348 Nulla
343 311 421 349 dies
441 325 571 361 pacem
590 313 687 350 hanc
708 313 831 359 Italis,
851 327 919 351 nec
938 314 1078 352 foedera
1095 318 1260 366 rumpet,

205 364 289 410 Quo
308 377 365 402 res
385 378 544 414 cumque
564 366 721 412 cadent3
750 380 818 403 nec
837 380 898 404 me
916 367 972 404 vis
991 367 1069 404 ulla
1086 369 1278 407 volentem

206 417 388 464 Avertet3
417 432 504 464 non,
525 418 556 455 si
574 419 748 456 tellurem
768 420 938 457 effundat
956 420 997 457 in
1016 421 1147 467 undas,

204 469 362 508 Diluvio
381 471 552 517 miscens,
572 472 782 522 coelumque
801 473 839 509 in
861 473 1021 510 Tartara
1036 474 1157 512 solvat
1173 491 1181 512 :

203 523 262 560 Ut
288 527 479 574 sceptrum
498 524 568 562 hoc
593 525 742 574 (dextra
761 528 952 575 sceptrum
970 540 1059 564 nam
1078 528 1176 565 forte
1194 528 1367 579 gerebat)

203 576 412 626 Nunquam
431 578 562 615 fronde
581 578 654 615 levi
672 579 806 616 fundet
824 579 993 629 virgulta
1011 594 1131 631 neque
1149 582 1314 628 umbras,

204 630 332 676 Quum
352 631 466 668 semel
484 631 524 667 in
544 631 646 668 silvis
665 632 742 669 imo
762 632 807 670 de
827 632 943 682 stirpe
962 633 1123 671 recisum

203 683 332 720 Matre
352 687 465 730 caret,
485 685 685 735 posuitque
706 699 831 722 comas
851 688 890 723 et
909 686 1063 724 brachia
1080 687 1203 734 ferr03

204 736 306 773 Olim
326 737 587 775 arbos—nunc
607 738 762 776 artificis
780 752 914 776 manus
933 753 1004 777 aere
1024 740 1156 778 decoro

203 788 379 836 Inclusit,
398 791 642 841 patribusque
661 792 766 829 dedit
785 795 933 842 gestare
953 793 1141 831 Latinis.'’

203 842 357 880 Talibus
376 844 476 881 inter
495 858 533 881 se
552 845 754 882 firmabant
773 846 912 883 foedera
931 846 1053 892 dictis,

204 895 419 946 Conspectu
435 897 475 934 in
494 898 618 935 medio
636 912 842 948 procerum.
900 899 999 936 Tum
1017 900 1090 937 rite
1109 902 1271 938 sacratas

203 948 253 985 In
271 949 463 987 flammam
476 951 657 1001 jugulant
676 952 847 1002 pecudeS‚
867 954 905 989 et
924 953 1066 990 viscera
1083 953 1179 991 vivis

203 1001 395 1053 Eripiunt,
415 1004 684 1055 cumulantque
703 1005 866 1044 oneratis
884 1006 1053 1044 lancibus
1072 1020 1165 1044 aras.

253 1486 310 1522 At
328 1499 416 1524 vero
436 1486 592 1524 Rutulis
610 1487 732 1537 impar
749 1501 793 1525 ea
809 1501 938 1538 pugna
955 1487 1074 1525 videri

200 1539 228 1575 J
231 1539 448 1586 amdudum,
467 1542 507 1577 et
525 1540 628 1577 vario
647 1540 794 1578 misceri
811 1544 965 1590 pectora
982 1543 1113 1587 motu,

200 1592 302 1629 Tum
321 1592 454 1643 magis,
472 1596 518 1630 ut
536 1593 690 1644 propius
710 1596 869 1631 cernunt
889 1607 965 1631 non
984 1594 1126 1631 viribus
1146 1593 1272 1644 aequis.

200 1646 372 1696 Adjuvat
391 1647 541 1684 incessu
558 1647 677 1684 tacito
695 1660 913 1697 progressus
933 1650 971 1685 et
991 1661 1095 1684 aram

201 1698 430 1749 Suppliciter
448 1713 631 1737 venerans
652 1700 813 1738 demisso
832 1700 973 1738 lumine
993 1700 1155 1746 Turnus,

201 1752 464 1803 Tabentesque
483 1767 600 1804 genae,
620 1755 659 1791 et
673 1753 842 1804 juvenali
860 1754 900 1791 in
920 1767 1073 1804 corpore
1091 1754 1222 1804 pallor.

202 1806 326 1852 Quem
345 1806 458 1843 simul
476 1820 518 1844 ac
538 1806 565 1843 J
567 1809 710 1844 uturna
728 1820 832 1845 soror
851 1807 1079 1845 crebrescere
1097 1807 1195 1844 vidit

201 1858 432 1905 Sermonem,
453 1862 491 1897 et
509 1860 617 1910 vulgi
636 1860 779 1898 variare
797 1860 965 1898 labantia
983 1861 1116 1898 corda:

202 1911 252 1948 In
271 1912 412 1949 medias
432 1913 539 1959 acies,
558 1914 720 1950 formam
739 1914 958 1951 assimulata
977 1913 1199 1952 Camerti—

202 1964 274 2002 Cui
293 1979 412 2015 genus
431 1980 453 2003 a
470 1967 618 2016 proavis
637 1967 784 2017 ingens,
804 1967 1019 2017 clarumque
1037 1970 1203 2017 paternae

201 2018 353 2056 Nomen
372 2022 453 2056 erat
471 2020 638 2066 virtutis,
658 2024 697 2057 et
716 2020 794 2070 ipse
813 2021 1013 2058 acerrimus
1033 2021 1199 2058 armis——

201 2071 251 2108 In
269 2072 410 2109 medias
430 2072 496 2109 dat
516 2086 594 2110 sese
613 2073 720 2119 acies,
739 2074 842 2110 haud
859 2074 984 2111 nescia
1000 2087 1137 2121 rerum,

200 2123 460 2175 Rumoresque
480 2126 570 2163 serit
588 2126 723 2172 varios,
743 2140 785 2164 ac
803 2127 895 2164 talia
913 2127 1037 2164 fatur:

201 2180 222 2196 “
234 2177 326 2215 Non
345 2179 475 2228 pudet,
495 2193 517 2217 0
536 2179 686 2225 Rutuli,
705 2193 773 2229 pro
793 2181 938 2218 cunctis
957 2181 1098 2218 talibus
1117 2193 1233 2217 unam

200 2230 399 2281 Objectare
419 2231 616 2270 animam}>
644 2246 861 2279 numerone,
880 2247 928 2270 an
946 2234 1091 2270 viribus
1110 2233 1207 2283 aequi

199 2284 291 2321 Non
311 2284 472 2323 sumus?
501 2285 576 2331 En,
596 2299 725 2323 omnes
745 2288 783 2323 et
804 2286 934 2332 Troes,
954 2288 993 2323 et
1013 2287 1188 2333 Arcades,
1209 2285 1251 2322 hi
1271 2288 1377 2332 sunt,

202 2337 441 2387 [Fatalisque
460 2352 606 2384 manus,
625 2339 771 2376 infensa
790 2339 948 2376 Etruria
967 2339 1128 2389 Turno]

198 2390 274 2427 Vix
293 2391 455 2438 hostem,
476 2392 613 2429 alterni
632 2392 663 2429 si
683 2392 982 2442 congrediamur,
1001 2393 1195 2430 habemus.

199 2443 271 2481 Ille
291 2444 444 2493 quidem
464 2445 511 2481 ad
530 2459 695 2495 superos,
715 2459 876 2496 quorum
895 2459 933 2483 se
953 2446 1113 2483 devovet
1133 2446 1217 2491 aris,

199 2497 382 2534 Succedet
402 2498 512 2544 fama,
532 2498 713 2548 vivusque
732 2512 798 2549 per
817 2512 881 2537 ora
899 2500 1040 2536 feretur
1057 2516 1064 2536 :

198 2550 241 2587 N
242 2564 293 2596 os⁷
314 2551 437 2601 patria
457 2551 603 2597 amissa,
623 2552 784 2589 dominis
804 2566 932 2602 parere
951 2551 1119 2602 superbis

199 2602 399 2654 Cogemur,
419 2604 483 2654 qui
500 2618 602 2642 nunc
620 2605 715 2643 lenti
733 2606 969 2644 consedimus
989 2605 1125 2643 arvis.”
