1705 2744
304 119 382 155 280
716 127 750 154 P.
771 127 959 154 vnmrmr
980 127 1177 155 MAnoms

359 222 568 272 Postquam
589 225 739 259 exemta
758 222 886 268 fames,
905 224 945 259 et
964 235 1069 259 amor
1087 236 1321 273 compressus
1341 224 1487 270 edendi,

307 276 389 313 Rex
410 275 610 312 Evandrus
630 275 684 311 ait
701 291 708 312 :
738 278 759 293 “
776 275 866 311 Non
885 275 966 312 haec
985 276 1166 313 solemnia
1184 276 1302 323 nobis,

306 329 389 365 Has
408 342 452 366 ex
473 341 574 365 more
595 328 718 377 dapes,
737 327 834 365 lianc
852 328 954 365 tanti
974 328 1138 365 numinis
1157 342 1260 366 aram

303 381 412 418 Vana
429 381 649 430 superstitio
669 384 914 429 veterumque
934 381 1064 430 ignara
1082 381 1238 419 deorum

306 434 519 484 Imposuit:
549 434 668 479 saevis,
689 433 823 483 hospes
843 434 1014 483 Trojane,
1034 434 1180 484 periclis

305 487 450 524 Servati
472 486 641 531 facimus,
661 486 891 536 meritosque
910 500 1093 523 novamus
1113 487 1285 525 honores.

305 540 396 577 Jam
415 540 581 590 primum
601 539 699 576 saxis
719 553 938 589 suspensam
956 539 1053 577 hanc
1073 540 1195 589 aspice
1214 553 1369 591 rupem:

306 593 486 643 Disjectae
505 592 635 642 procul
655 595 699 629 ut
719 593 847 638 moles,
866 593 1086 641 desertaque
1105 593 1247 630 montis

305 646 392 683 Stat
411 647 557 691 domus,
577 648 615 683 et
635 645 778 695 scopuli
797 645 991 694 ingentem
1011 648 1158 683 traxere
1177 646 1337 683 ruinam.

306 699 383 736 Hic
403 699 581 749 spelunca
600 698 685 743 fuit,
704 700 812 735 vasto
831 698 1008 735 submota
1027 711 1185 744 recessu,

306 751 573 789 semihominis
593 751 681 788 Caci
701 751 812 788 facies
833 764 947 800 quam
966 751 1048 788 dira
1066 752 1233 797 tenebat,

305 805 401 842 Solis
419 805 646 842 inaccessam
666 804 778 841 radiis
793 820 801 850 3
829 817 1048 854 semperque
1066 804 1209 841 recenti

306 858 420 894 Caede
439 858 593 907 tepebat
611 857 774 901 humus;
802 857 1020 905 foribusque
1039 857 1149 894 affixa
1168 857 1338 908 superbis

306 913 382 947 Ora
400 911 525 947 virum
544 910 647 947 tristi
666 910 881 959 pendebant
901 909 1040 959 pallida
1058 910 1160 947 tabo.

306 963 411 1000 Huic
429 966 601 1001 monstro
621 963 816 1000 Vulcanus
836 965 917 1000 erat
936 966 1065 1012 pater:
1094 963 1195 1000 illius
1215 966 1316 1000 atros

307 1016 380 1054 Ore
400 1030 555 1054 vomens
575 1016 692 1065 ignes,
713 1029 852 1066 magna
870 1029 908 1053 se
927 1016 1025 1052 mole
1044 1016 1198 1053 serebat.

305 1069 456 1107 Attulit
475 1072 515 1106 et
534 1069 641 1106 nobis
660 1069 862 1119 aliquando
882 1068 1104 1118 optantibus
1123 1071 1216 1106 aetas

305 1123 504 1159 Auxilium
523 1122 804 1171 adventumque
824 1121 894 1159 dei.
950 1122 1052 1158 Nam
1073 1121 1258 1158 maximus
1278 1121 1392 1166 ultor,

305 1175 523 1226 Tergemini
541 1189 631 1212 nece
650 1175 836 1225 Geryonae
855 1174 1057 1224 spoliisque
1076 1175 1269 1224 superbus,

305 1228 458 1265 Alcides
477 1229 617 1273 aderat,
636 1230 840 1277 taurosque
858 1228 928 1265 hac
947 1227 1070 1264 victor
1088 1228 1225 1277 agebat

307 1281 512 1331 Ingentes3
540 1281 749 1330 vallemque
768 1281 882 1318 boves
901 1293 1124 1330 amnemque
1143 1280 1336 1317 tenebant.

306 1336 363 1371 At
383 1334 489 1371 furiis
510 1333 598 1371 Caci
617 1347 722 1371 mens
742 1334 863 1379 effera,
883 1347 930 1370 ne
950 1333 1041 1383 quid
1060 1333 1237 1370 inausum

306 1388 391 1424 Aut
410 1387 659 1424 intractatum
680 1386 873 1424 scelerisve
892 1386 1014 1423 dolive
1033 1385 1178 1431 fuisset,

307 1440 482 1486 Quatuor
500 1453 522 1477 a
541 1439 700 1477 stabulis
719 1439 915 1489 praestanti
935 1452 1087 1488 corpore
1106 1441 1237 1475 tauros

306 1493 472 1538 Avertit,
491 1493 654 1530 totidem
673 1493 794 1530 forma
811 1494 1012 1541 superante
1026 1491 1218 1541 juvencas.

308 1547 437 1595 Atque
457 1546 537 1591 hos,
557 1559 604 1582 ne
623 1558 698 1595 qua
716 1545 840 1582 forent
860 1545 1017 1594 pedibus
1037 1544 1199 1593 vestigia
1217 1542 1341 1587 rectis,

308 1598 438 1635 Gauda
455 1598 496 1635 in
515 1598 733 1648 speluncam
751 1600 906 1642 tractos,
925 1597 1115 1645 versisque
1134 1596 1281 1633 viarum

308 1651 465 1688 Iudiciis
485 1655 625 1701 raptOS‚
645 1664 734 1688 saxo
753 1650 969 1687 occultabat
988 1662 1115 1699 opaco.

308 1704 507 1750 Quaerenti
526 1704 630 1741 nulla
648 1704 695 1741 ad
714 1703 931 1753 speluncam
951 1702 1059 1752 signa
1077 1702 1258 1739 ferebant.

309 1757 473 1803 Interea,
493 1770 612 1807 quum
626 1757 709 1807 jam
728 1756 888 1793 stabulis
908 1758 1080 1792 saturata
1098 1756 1267 1792 moveret

308 1810 672 1860 Amphitryoniades
692 1812 874 1854 armenta,
895 1808 1116 1857 abitumque
1135 1810 1296 1857 pararet

308 1862 490 1900 Discessu
508 1863 655 1913 mugire
673 1863 799 1907 boves,
819 1865 933 1911 atque
952 1874 1063 1898 omne
1083 1860 1243 1911 querelis

309 1915 466 1965 Impleri
484 1929 630 1961 nemus,
649 1918 688 1953 et
708 1915 819 1953 colles
839 1915 999 1952 clamore
1018 1913 1190 1963 relinqui.

309 1968 493 2005 Reddidit
512 1982 589 2006 una
605 1969 723 2005 boum
741 1981 884 2013 vocem,
903 1969 1086 2017 vastoque
1106 1967 1176 2003 sub
1196 1969 1305 2003 antro

311 2021 469 2071 Mugfib,
489 2024 528 2058 et
548 2021 637 2058 Caci
656 2035 759 2071 spem
779 2020 972 2058 custodita
989 2019 1134 2057 fefellit.

311 2074 389 2111 Hic
408 2088 496 2111 vero
516 2074 660 2111 Aleidae
684 2074 791 2110 furiis
811 2075 999 2111 exarserat
1018 2075 1101 2110 atro

312 2127 414 2164 Fene
434 2127 561 2164 dolor:
590 2127 689 2176 rapit
709 2140 813 2163 arma
830 2139 947 2162 manu
965 2125 1147 2174 nodisque
1165 2126 1363 2174 gravatum

311 2179 467 2225 Robur3
496 2183 535 2217 et
555 2179 700 2216 aetherii
719 2192 830 2216 eursu
849 2179 948 2228 petit
967 2178 1084 2215 ardua
1102 2177 1254 2214 montis.

310 2233 410 2269 Tum
430 2233 597 2282 primum
614 2232 736 2269 nostri
755 2231 895 2268 Cacum
915 2231 1040 2267 videre
1057 2230 1259 2267 timentem

311 2286 599 2335 Turbatumque
619 2285 746 2322 oculis.
803 2284 924 2333 Fugit
943 2283 1045 2320 ilicet
1064 2283 1165 2320 ocior
1183 2295 1284 2326 euro,

312 2338 612 2388 Speluncamque
632 2338 752 2388 petit;
780 2337 938 2386 pedibus
956 2336 1073 2373 timor
1092 2335 1238 2372 addidit
1258 2334 1344 2371 alas.

312 2391 370 2428 Ut
388 2405 467 2428 sese
486 2391 652 2437 inclusit,
671 2390 868 2440 ruptisque
887 2389 1050 2426 immane
1069 2388 1212 2426 catenis

311 2444 461 2494 Dejecit
481 2457 625 2490 saxum,
645 2444 741 2481 ferro
761 2443 862 2493 quod
881 2445 919 2479 et
939 2445 1020 2479 arte
1038 2444 1197 2492 paterna.

312 2497 519 2542 Pendebat‚
538 2497 730 2547 fultosque
749 2495 910 2534 emuniit
929 2495 1046 2545 objice
1064 2497 1213 2544 postes:

312 2550 412 2587 Eece
430 2550 558 2587 furens
578 2550 712 2587 animis
732 2549 861 2586 aderat
880 2548 1108 2598 Tirynthius
1125 2563 1133 2592 3
1162 2558 1387 2594 omnemque

312 2604 518 2640 Accessum
536 2603 702 2640 lustrans
721 2602 796 2640 huc
815 2615 880 2639 ora
898 2601 1041 2639 ferebat
1060 2602 1099 2637 et
1118 2600 1221 2645 illuc,
