1705 2744
159 103 212 139 40
567 113 603 140 Ρ.
622 112 810 140 wnenn
828 112 1017 140 mnoms

158 207 276 245 Terra
293 205 426 245 tremit
442 223 451 254 ;
478 207 608 259 fugere
627 208 724 255 ferae,
743 210 782 246 et
801 209 978 247 mortalia
996 209 1108 248 eorda

159 260 235 298 Per
252 266 386 312 gentes
404 261 559 299 humih's
579 262 717 299 stravit
735 276 873 312 pavor:
901 263 964 300 ine
983 262 1162 314 flagranti

158 314 242 351 Aut
261 315 380 360 Atho,
399 317 466 352 aut
485 314 710 365 Rhodopen,
731 319 798 353 aut
817 316 895 353 alta
914 316 1100 354 Ceraunia
1117 317 1196 355 telo

158 367 302 418 Dejieit
319 384 326 414 ;
353 368 592 419 ingeminant
611 369 731 406 austri
750 372 788 406 et
808 369 1052 407 densissimus
1070 370 1213 415 imber;

159 420 276 458 Nune
295 435 449 459 nemora
466 421 615 472 ingenti
633 425 760 468 vento,
779 436 880 459 nunc
899 423 1013 460 litora
1029 423 1230 475 plangunt.

159 473 248 512 Hoc
267 477 452 521 metuens,
473 475 557 512 eoeli
577 488 723 512 menses
743 477 782 512 et
801 475 923 513 sidera
941 490 1070 523 serva3

159 527 318 578 Frigida
337 528 491 565 Saturni
511 542 589 566 sese
604 542 678 578 quo
698 528 807 565 stella
824 532 993 578 receptet
1008 546 1016 575 ;

159 580 263 627 Quos
282 581 383 632 ignis
403 582 486 619 eoeli
507 581 699 632 Cyllenius
719 584 818 619 erret
836 582 877 618 in
897 582 1017 619 orbes.

159 633 209 670 In
229 634 360 685 primis
379 649 555 673 venerare
575 636 674 681 deos,
694 637 808 685 atque
827 648 952 672 annua
969 649 1117 686 magnae

161 2136 275 2174 Sacra
293 2135 389 2174 refer
410 2133 537 2173 Cereri
554 2133 657 2172 laetis
677 2135 853 2184 operatus
871 2132 911 2169 in
929 2130 1068 2175 herbis,

160 2189 359 2227 Extremae
379 2189 449 2226 sub
469 2201 598 2226 casum
616 2187 764 2233 hiemis,
779 2187 861 2237 jam
878 2198 964 2222 vere
984 2196 1125 2222 sereno.

161 2243 265 2280 Tum
283 2243 446 2293 pingues
466 2241 567 2291 agni,
587 2243 627 2278 et
645 2244 731 2278 tum
750 2239 973 2278 mollissima
990 2238 1100 2282 vina3

161 2294 264 2333 Tum
283 2295 407 2334 somni
425 2295 564 2341 dulces,
583 2294 782 2343 densaeque
801 2293 842 2330 in
859 2291 1054 2330 montibus
1073 2289 1234 2326 umbrae.

163 2349 313 2387 Cuncta
331 2349 403 2386 tibi
423 2348 596 2386 Cererem
614 2347 734 2398 pubes
753 2346 912 2397 agrestis
932 2345 1085 2390 adoret;

163 2402 237 2440 Cui
254 2405 300 2440 tu
318 2403 416 2440 lacte
434 2402 540 2439 favos
559 2402 599 2438 et
618 2400 705 2437 miti
725 2400 825 2437 dilue
845 2398 1010 2443 Baccho,

163 2456 311 2506 Terque
329 2469 446 2493 novas
465 2455 607 2492 circum
625 2453 714 2492 felix
733 2455 794 2491 eat
812 2452 940 2490 hostia
957 2452 1084 2502 fruges
1099 2466 1108 2496 3

163 2509 299 2547 Omnis
319 2523 432 2559 quam
452 2508 589 2546 chorus
609 2510 648 2545 et
668 2507 759 2544 socii
779 2506 1013 2544 comitentur
1032 2504 1200 2548 ovantes,

164 2563 220 2600 Et
241 2562 416 2600 Cererem
435 2562 595 2600 elamore
614 2563 752 2598 vocent
770 2560 810 2597 in
828 2562 943 2597 tecta.
999 2558 1135 2608 Neque
1153 2560 1243 2595 ante

164 2615 197 2653 F
201 2616 321 2655 aloem
339 2615 499 2654 maturis
519 2615 719 2666 quisquam
738 2616 928 2664 supponat
947 2611 1086 2659 aristis,
