1705 2744
667 61 858 88 AENEIDOS
877 61 961 87 LIB.
980 61 1039 87 Π.

213 157 305 208 Ipsa
323 157 437 195 deum
455 169 586 207 poenas
605 155 747 202 docuit,
766 138 906 206 perque
926 156 1055 194 omnia
1073 155 1195 194 duxit.

213 211 380 249 Gnosius
398 210 479 247 haee
499 209 821 247 Rhadamanthus
841 210 958 247 habet
979 210 1113 247 duriss
1085 223 1182 247 <lma
1199 223 1329 260 regna,

214 264 465 315 Castigatque
485 263 666 313 auditque
686 263 814 309 dolos3
844 263 1064 313 subigitque
1083 263 1206 310 fateri,

214 318 310 364 Quae
330 318 414 377 quis
434 317 536 367 apud
555 330 720 366 superos,
740 316 844 354 furto
863 317 1049 354 laetatus'
1040 317 1157 363 inani,

212 370 409 408 Distulit
399 384 441 407 m
459 383 582 407 seram
602 369 804 407 commissa
822 370 971 420 piacula
989 373 1168 408 mortem.

214 424 409 462 Continuo
429 426 557 461 sontes
576 423 697 460 ultrix
716 423 887 461 accincta
905 424 1054 474 flagello

213 477 421 528 Tisiphone
441 477 566 527 quatit
585 476 786 523 insultans,
805 480 1010 528 torvosque
1030 476 1185 514 sinistra

213 531 419 568 Intentans
439 543 594 580 angues,
613 533 725 568 vocat
745 531 898 580 agmina
917 544 1020 568 saeva
1038 544 1221 568 sororum.

213 585 315 621 Tum
334 584 489 621 demum
508 584 706 621 horrisono
727 584 931 621 stridentes
951 584 1102 622 cardine
1121 598 1236 621 sacrae

213 637 444 675 Panduntur
462 640 596 687 portae.
654 637 797 684 Cernis,
818 637 992 675 custodia
1011 637 1131 688 qualis

212 691 413 728 Vestibulo
433 690 594 728 sedeat?
622 691 734 728 facies
755 705 840 741 quae
860 691 994 728 limina
1013 689 1169 729 servet?

212 744 502 794 Quinquaginta
521 744 614 781 atris
632 744 809 782 immanis
827 745 997 782 hiatibus
1017 745 1157 795 Hydra

212 798 354 835 Saevior
371 798 477 835 intus
496 797 613 835 habet
632 798 770 835 sedem.
826 798 927 835 Tum
948 798 1131 836 Tartarus
1150 798 1230 848 ipse

212 851 281 888 Bis
300 853 409 901 patet
427 851 468 888 in
487 864 650 901 praeeeps
669 853 825 888 tantum
844 852 1045 902 tenditque
1064 852 1134 889 sub
1154 852 1320 896 umbras,

213 905 389 951 Quantus
409 904 457 942 ad
476 905 676 941 aetherium
696 905 780 942 coeli
799 907 996 955 suspectus
1017 905 1238 956 Olympum.

211 957 291 996 Hic
310 972 431 1009 genus
451 959 652 1008 antiquum
673 958 814 1004 Terrae,
835 959 988 996 Titania
1006 959 1136 1009 pubes,

213 1011 394 1049 Fulmine
418 1012 565 1062 dejecti,
585 1012 703 1049 fundo
723 1012 933 1050 volvuntur
951 1013 991 1049 in
1010 1013 1110 1050 imo:

211 1065 292 1102 Hie
312 1068 352 1103 et
372 1065 528 1102 Aloidas
548 1066 732 1116 geminos,
753 1066 934 1103 immania
953 1066 1032 1103 vidi

212 1117 401 1169 Corpora:
432 1119 497 1169 qui
516 1119 694 1157 manibus
713 1132 899 1169 magnum
918 1119 1129 1157 rescindere
1149 1118 1289 1156 eoelum

212 1172 409 1223 Aggressi,
430 1172 648 1222 superisque
669 1172 696 1209 J
699 1186 809 1210 ovem
829 1173 1028 1211 detrudere
1047 1173 1186 1223 regnis.

212 1225 303 1263 Vidi
323 1228 362 1264 et
383 1225 552 1264 crudeles
571 1227 728 1264 dantem
748 1226 950 1265 Salmonea
966 1241 1110 1278 poenas,

210 2287 318 2325 Dum
336 2287 508 2325 flammas
528 2285 556 2324 J
559 2285 639 2325 ovis
659 2287 698 2324 et
718 2286 867 2324 sonitus
886 2287 1063 2325 imitatur
1083 2287 1251 2339 Olympi.

211 2341 385 2387 Quatuor
403 2341 466 2379 hic
484 2341 660 2378 invectus
679 2340 785 2390 equis
804 2344 843 2378 et
862 2341 1038 2391 lampada
1056 2355 1248 2391 quassans,

211 2393 287 2431 Per
305 2394 466 2432 Graium
484 2394 644 2444 populos
664 2394 870 2444 mediaeque
889 2409 956 2444 per
975 2395 1100 2432 Elidis
1119 2396 1253 2433 urbem

211 2446 302 2485 Ibat
321 2461 449 2494 ovans,
469 2448 676 2498 divumque
694 2447 767 2484 sibi
784 2449 964 2497 poscebat
983 2448 1179 2495 honorem,

211 2499 401 2539 Demens!
430 2501 496 2551 qui
513 2501 665 2538 nimbos
685 2504 724 2538 et
743 2514 821 2538 non
839 2501 1026 2539 imitabile
1045 2502 1191 2539 fulmen

211 2552 303 2591 AEre
322 2556 362 2592 et
381 2555 627 2605 cornipedum
645 2554 759 2605 pulsu
778 2554 976 2592 simularat
996 2569 1193 2606 equorum.

1419 52 1497 90 235
