1705 2744
655 58 844 87 AENEIDOS
863 57 946 84 LIB.
966 57 1005 86 V.

198 157 321 204 Quem
339 156 451 194 modo
471 154 595 193 navali
614 154 836 192 Mnestheus
856 152 1061 192 certamine
1079 152 1202 191 victor

198 210 464 260 Consequitur,
483 208 595 246 viridi
613 208 836 246 Mnestheus
857 207 1029 245 evinctus
1048 206 1169 244 oliva:

198 263 351 301 Tertius
372 261 575 313 Eurytion,
594 263 696 308 tuus,
717 275 738 299 o
759 261 973 307 clarissime,
992 260 1121 306 frater,

198 317 382 362 Pandare,
402 316 467 366 qui
485 315 686 365 quondam,
700 314 829 364 jussus
848 313 1075 352 confundere
1092 313 1227 359 foedus,

198 370 248 407 In
267 369 409 408 medios
428 369 549 406 telum
566 368 714 406 torsisti
732 368 876 418 primus
896 367 1074 404 Achivos.

198 424 405 461 Extremus
424 422 603 473 galeaque
621 422 698 459 ima
716 421 885 459 subsedit
904 421 1074 466 Acestes,

198 477 325 514 Ausus
344 478 383 513 et
401 476 480 526 ipse
498 488 615 513 manu
628 475 814 526 juvenum
831 476 980 512 tentare
998 473 1176 511 laborem.

198 530 299 567 Tum
318 529 451 566 validis
470 529 583 567 flexos
601 528 803 566 incurvant
822 528 964 565 viribus
984 540 1090 564 arcus

199 583 275 621 Pro
295 597 333 620 se
352 583 508 633 quisque
527 582 610 628 viri,
630 584 669 620 et
688 583 916 632 depromunt
934 580 1011 618 tela
1029 579 1229 630 pharetris,

198 636 401 685 Primaque
420 650 486 686 per
505 636 642 673 coelum
660 649 774 673 nervo
794 635 979 672 stridente
999 633 1142 684 sagitta

198 689 421 740 Hyrtacidae
434 689 585 740 juvenis
603 689 772 727 volucres
791 688 1003 725 diverberat
1023 700 1130 724 auras
1145 704 1152 732 ;

198 743 253 780 Et
272 743 390 788 venit,
410 742 629 793 adversique
647 742 822 793 infigitur
841 742 972 779 arbore
991 740 1092 777 mali.

198 796 409 834 Intremuit
428 796 560 842 malus,
579 796 785 846 timuitque
805 794 986 833 exterrita
1003 794 1136 844 pennis

197 850 301 896 Ales,
321 853 360 887 et
379 849 529 900 ingenti
548 851 757 887 sonuerunt
777 848 905 886 omnia
922 848 1068 898 plausu.

197 902 294 941 Post
313 916 396 940 acer
415 903 636 940 Mnestheus
656 902 794 940 aducto
814 901 989 940 constitit
1008 914 1108 947 arcu,

197 957 291 994 Alta
308 958 452 1007 petens,
471 956 686 1006 pariterque
706 955 832 993 oculos
851 956 1045 1005 telumque
1064 953 1252 992 tetendit:

197 1010 272 1047 Ast
291 1010 412 1060 ipsam
431 1010 664 1047 miserandus
684 1023 792 1047 avem
812 1009 1031 1059 contingere
1051 1008 1149 1045 ferro

197 1063 288 1101 Non
307 1063 428 1101 valuit
443 1080 450 1110 ;
478 1064 596 1101 nodos
616 1066 655 1101 et
673 1063 824 1100 vincula
841 1062 940 1100 linea
958 1061 1073 1112 rupit,

197 1117 311 1164 Queis
330 1117 467 1155 innexa
484 1117 619 1167 pedem
636 1116 736 1154 malo
754 1116 943 1176 pendebat
963 1115 1009 1153 ab
1029 1115 1106 1152 alto
1122 1131 1129 1152 :

197 1170 272 1208 Illa
289 1172 400 1208 notos
421 1172 534 1220 atque
553 1172 636 1208 atra
654 1169 812 1208 volans
803 1184 843 1206 m
861 1168 992 1207 nubila
1009 1168 1122 1218 fugit

196 1224 297 1261 Tum
315 1224 466 1274 rapidus
479 1224 711 1275 jumdudum
730 1237 770 1260 ar
772 1237 819 1260 cu
838 1224 1019 1260 contenta
1036 1235 1104 1272 pai
1106 1223 1169 1259 ato

196 1277 289 1315 Tela
305 1279 451 1323 tenens,
470 1278 627 1315 fratrem
646 1276 867 1328 Eurytion
857 1290 898 1313 m
915 1278 1007 1314 vota
1025 1274 1187 1320 vocavit,

200 1331 225 1368 J
227 1344 288 1368 am
307 1344 423 1369 vacuo
443 1331 571 1368 laetam
590 1331 684 1368 coelo
704 1330 940 1380 speculatus;
969 1331 1008 1367 et
1027 1329 1096 1366 alis

201 1384 449 1422 Plaudentem
467 1384 577 1434 nigra
595 1384 682 1434 figit
701 1384 771 1421 sub
790 1384 890 1421 nube
909 1383 1135 1421 columbam.

198 1438 352 1475 Decidit
371 1438 563 1484 exanimis,
583 1438 777 1487 vitamque
796 1437 949 1487 reliquit
968 1438 1008 1473 in
1027 1436 1138 1473 astris

199 1491 394 1537 AEtheriis‚
414 1491 601 1541 fixamque
620 1491 734 1529 refert
753 1491 904 1541 delapsa
922 1490 1117 1541 sagittam.

199 1544 351 1581 Amissa
369 1544 468 1581 solus
486 1545 612 1594 palma
630 1545 830 1595 superabat
850 1544 1007 1581 Acestes
1022 1560 1029 1581 ε

200 1597 275 1643 Qui
293 1599 423 1635 tamen
442 1598 559 1635 a'e'rias
578 1598 699 1635 telum
717 1597 914 1635 contendit
933 1597 973 1634 in
992 1610 1112 1642 auras,

202 1650 409 1688 Ostentans
429 1653 623 1701 artemque
642 1653 749 1700 pater
768 1664 970 1700 arcumque
990 1651 1200 1687 sonantem.

199 1703 279 1741 Hic
298 1704 414 1741 oculis
434 1704 604 1741 subitum
623 1704 799 1754 objicitur
818 1717 1031 1754 magnoque
1050 1703 1223 1740 futurum

198 1756 372 1807 Augurio
392 1760 629 1795 monstrum:
659 1757 788 1795 docuit
806 1760 894 1807 post
913 1757 1037 1794 exitus
1055 1756 1201 1806 ingens,

198 1809 362 1860 Seraque
380 1810 536 1848 terrifici
555 1811 772 1848 cecinerunt
791 1810 918 1848 omina
936 1812 1054 1847 vates.

197 1863 376 1913 Namque
395 1864 525 1901 volans
544 1864 696 1914 liquidis
714 1864 753 1901 in
774 1863 936 1901 nubibus
957 1863 1049 1900 arsit
1069 1863 1225 1909 arundo,

198 1916 447 1967 Signavitque
466 1918 567 1954 viam
586 1917 760 1963 flammis,
778 1919 985 1967 tenuesque
1004 1915 1158 1953 recessit

198 1969 410 2008 Consumta
427 1970 467 2007 in
486 1972 642 2008 ventos:
672 1971 765 2008 coelo
785 1984 852 2008 ceu
872 1983 972 2020 saepe
990 1969 1106 2007 refixa

196 2023 250 2060 Ti
251 2026 478 2061 anscurrunt
497 2024 711 2084 crinemque
730 2024 898 2061 volantia
916 2023 1038 2060 sidera
1056 2023 1212 2060 ducunt.

195 2077 388 2115 Attonitis
407 2078 548 2115 haesere
567 2077 713 2123 animis,
734 2090 960 2127 superosque
979 2075 1122 2126 precati

197 2130 382 2180 Trinacrii
401 2131 610 2181 Teucrique
628 2131 721 2168 viri:
750 2144 818 2168 nec
838 2130 1024 2167 maximus
1044 2143 1155 2167 omen

196 2184 345 2222 Abnuit
365 2184 527 2231 AEneas3
557 2185 622 2222 sed
640 2184 775 2222 laetum
795 2184 988 2234 amplexus
1008 2183 1173 2221 Acesten

197 2237 422 2276 Muneribus
442 2216 610 2276 cuniulat
628 2238 789 2289 magnis,
809 2251 851 2275 ac
870 2237 962 2275 talia
979 2237 1103 2274 fatur:

198 2293 219 2310 “
234 2291 358 2338 Sume,
379 2293 508 2341 pater3
536 2305 626 2329 nam
645 2294 684 2329 te
704 2291 827 2329 voluit
845 2304 911 2329 rex
929 2304 1091 2341 magnus
1112 2289 1267 2341 Olympi

198 2343 352 2382 Talibus
372 2345 545 2395 auspiciis
565 2347 753 2383 exsortem
772 2345 906 2382 ducere
924 2344 1098 2382 honores.

200 2396 324 2446 Ipsius
344 2398 519 2436 Anchisae
538 2399 700 2449 longaevi
717 2399 791 2436 hoc
809 2412 947 2435 munus
966 2398 1133 2443 habebis,

200 2449 380 2488 Clateia'
371 2465 595 2502 impressum
615 2452 745 2503 signis,
765 2465 877 2502 quem
896 2451 1078 2488 Thrasius
1098 2451 1188 2488 olim

199 2502 377 2541 Anchisae
396 2505 588 2555 genitori
579 2520 619 2542 1n
637 2519 778 2556 magno
797 2519 952 2543 munere
972 2505 1121 2542 Cisseus

200 2555 314 2595 Ferre
333 2558 391 2595 sui
396 2536 563 2597 &dederat
581 2561 874 2597 monumentum
893 2561 931 2597 et
951 2558 1088 2609 pignus
1104 2558 1253 2596 amoris.
1258 2558 1281 2572 ’⁹

1389 49 1440 86 20

1448 62 1459 87 A
