1674 2775
225 111 305 149 364
631 122 667 149 P.
686 122 874 149 menn
892 123 1081 151 MARoms

228 215 285 253 Et
304 229 391 254 cum
410 216 524 254 fratre
545 216 672 263 Coras,
690 217 778 254 latis
798 217 999 256 diffundite
1018 218 1171 268 campis.

227 268 321 307 Pars
341 269 465 307 aditus
485 270 588 307 urbis
610 270 761 308 firment
780 273 977 321 turresque
996 274 1212 322 capessant:

227 321 374 369 Cetera,
394 336 467 373 qua
479 323 597 374 jusso,
616 337 765 360 mecum
784 338 918 361 manus
937 325 1074 362 inferat
1093 325 1235 362 arma.'’

228 375 340 413 Ilicet
359 376 398 412 in
418 390 544 414 muros
563 379 648 414 tota
667 377 889 415 discurritur
908 378 1011 415 urbe.

228 428 440 466 Concilium
458 429 537 479 ipse
555 432 663 479 pater
682 432 720 467 et
740 444 878 481 magna
895 431 1047 481 incepta
1065 430 1227 468 Latinus

229 482 393 528 Deserit,
413 495 456 519 ac
475 483 579 520 tristi
597 483 776 520 turbatus
796 489 966 534 tempore
985 484 1134 531 differt3

228 535 430 585 Multaque
450 549 488 573 se
507 535 668 582 incusat,
688 537 751 585 qui
771 551 846 574 non
867 538 1050 587 acceperit
1070 538 1171 575 ultro

228 588 465 625 Dardanium
485 589 643 635 AEnean,
664 603 919 640 generumque
938 591 1138 628 adsciverit
1157 591 1252 629 urbi.

228 641 466 679 Praefodiunt
485 642 547 679 alii
565 645 705 692 portaS,
725 646 791 680 aut
810 657 898 680 saxa
917 644 1100 694 sudesque

228 694 474 732 Subvectant.
531 695 639 734 Bello
659 696 725 733 dat
744 696 896 746 signum
915 710 1027 734 rauca
1046 699 1246 735 cruentum

227 747 409 785 Buccina.
465 748 565 786 Tum
584 763 710 786 muros
730 750 833 787 varia
851 750 998 787 cinxere
1018 764 1155 788 corona

227 801 421 839 Matronae
439 802 642 852 puerique3
669 805 780 840 vocat
799 803 905 840 labor
923 804 1082 840 ultimus
1102 817 1243 841 omnes.

226 854 310 892 Nec
329 868 405 892 non
425 855 472 892 ad
490 855 677 905 templum
697 869 936 906 summasque
956 857 1003 894 ad
1023 857 1187 894 Palladis
1206 870 1306 895 arces

227 907 461 945 Subvehitur
480 921 619 958 magna
638 912 805 946 matrum
823 910 955 959 regina
974 912 1135 957 caterva,

226 960 340 998 Dona
358 961 502 1007 ferens3
525 962 710 1012 juxtaque
730 976 854 1000 comes
876 963 1033 1000 Lavinia
1051 963 1171 1014 virgo,

227 1013 350 1051 Causa
368 1015 459 1052 mali
476 1015 589 1062 tanti,
609 1016 735 1053 oculos
755 1016 899 1065 dejecta
917 1017 1080 1054 decoros.

227 1067 443 1105 Succedunt
462 1071 614 1114 matres,
634 1071 672 1106 et
691 1070 879 1119 templum
898 1070 1012 1107 thure
1030 1072 1227 1120 vaporant,

226 1120 282 1158 Et
302 1124 454 1158 maestas
473 1122 551 1159 alto
570 1122 736 1160 fundunt
756 1123 800 1160 de
814 1123 944 1160 limine
962 1136 1094 1161 voces:

226 1176 248 1193 “
261 1175 519 1225 Armipotens,
538 1189 674 1225 praeses
694 1176 792 1222 belli,
813 1176 987 1214 Tritonia
1004 1177 1123 1227 virgo,

227 1227 379 1278 Frange
398 1242 513 1265 manu
531 1228 652 1266 telum
672 1229 834 1279 Phrygii
853 1230 1054 1280 praedonis,
1074 1233 1112 1267 et
1130 1229 1256 1280 ipsum.

226 1280 398 1318 Pronum
417 1284 543 1319 sterne
562 1282 652 1328 solo,
672 1283 865 1332 portisque
885 1283 1033 1320 effunde
1053 1283 1122 1320 sub
1142 1283 1268 1321 altis.'’

227 1333 406 1384 Cingitur
424 1335 503 1384 ipse
523 1335 649 1372 furens
669 1336 844 1372 certatim
863 1336 901 1372 in
921 1336 1053 1385 proelia
1071 1336 1235 1374 Turnus.

227 1386 393 1437 Jamque
412 1388 503 1425 adeo
524 1388 715 1425 Rutulum
734 1389 890 1426 thoraca
909 1389 1065 1426 indutus
1085 1389 1214 1427 ahenis

227 1440 423 1478 Horrebat
442 1442 618 1491 squamis,
639 1455 817 1491 surasque
835 1442 1039 1479 incluserat
1059 1455 1160 1488 auro,

227 1493 415 1544 Tempora
433 1495 557 1531 nudus
577 1495 722 1540 adhuc3
749 1495 932 1544 laterique
951 1495 1163 1532 accinxerat
1182 1509 1331 1541 ensem;

227 1546 494 1597 Fulgebatque
513 1547 591 1585 alta
609 1548 809 1585 decurrens
828 1561 961 1585 aureus
981 1561 1085 1594 arce3

227 1600 485 1650 Exsultatque
505 1600 650 1647 animis,
670 1603 709 1638 et
729 1614 792 1651 spe
807 1601 887 1651 jam
906 1601 1076 1651 praecipit
1094 1601 1257 1639 hostem.

227 1653 357 1700 Qualis
377 1654 443 1691 ubi
462 1654 633 1704 abruptis
652 1654 753 1704 fugit
772 1654 950 1704 praesepia
968 1654 1102 1691 vinclis

227 1707 399 1744 Tandem
417 1707 512 1745 liber
531 1721 659 1757 equus,
679 1721 885 1758 campoque
905 1707 1051 1757 potitus
1072 1710 1202 1757 aperto

227 1761 310 1797 Aut
329 1760 390 1797 ille
410 1760 449 1797 in
468 1764 599 1810 pastus
620 1764 865 1811 armentaque
884 1761 1011 1798 tendit
1031 1774 1224 1810 equarum,

228 1814 311 1850 Aut
331 1817 503 1851 assuetus
523 1827 630 1863 aquae
648 1814 823 1864 perfundi
843 1814 998 1851 flumine
1016 1818 1109 1851 noto

228 1866 394 1913 Emicat,
415 1867 642 1917 arrectisque
661 1867 789 1904 fremit
809 1867 1015 1905 cervicibus
1035 1867 1111 1904 alte

228 1920 444 1958 Luxurians
461 1937 469 1967 3
497 1920 709 1970 luduntque
722 1921 824 1971 jubae
843 1934 909 1971 per
927 1921 1032 1967 colla,
1051 1934 1116 1970 per
1135 1933 1270 1959 armos.

229 1973 352 2011 Obvia
371 1974 442 2020 cui,
462 1973 685 2011 Volscorum
706 1974 782 2011 acie
801 1974 1020 2019 comitante,
1041 1974 1200 2012 Camilla

230 2026 417 2073 Occurrit,
436 2027 630 2077 portisque
650 2028 696 2064 ab
716 2041 811 2077 equo
830 2027 961 2077 regina
980 2027 1049 2064 sub
1067 2027 1159 2077 ipsis

228 2079 419 2127 Desiluit3
448 2093 561 2130 quam
579 2083 665 2118 tota
683 2081 816 2118 cohors
835 2081 987 2118 imitata
1004 2080 1146 2118 relictis

229 2133 293 2170 Ad
310 2135 452 2170 terram
471 2133 628 2171 defluxit
649 2134 752 2183 equis
768 2150 775 2180 ;
803 2137 887 2171 tum
907 2134 1000 2171 talia
1018 2134 1141 2171 fatur:

229 2189 252 2206 “
265 2186 404 2232 Turne,
424 2186 482 2223 sui
500 2187 636 2224 merito
656 2187 686 2223 si
707 2200 779 2236 qua
798 2190 856 2224 est
875 2187 1014 2224 fiducia
1031 2187 1133 2233 forti,

229 2239 364 2277 Audeo
383 2242 422 2277 et
442 2239 655 2277 AEneadum
673 2240 859 2290 promitto
878 2253 1070 2277 occurrere
1087 2242 1236 2286 turmae,

230 2291 391 2342 Solaque
411 2293 628 2343 Tyrrhenos
648 2293 793 2343 equites
812 2293 864 2330 ire
885 2293 995 2330 obvia
1013 2295 1158 2330 contra.

230 2346 299 2383 Me
318 2346 398 2384 sine
415 2346 538 2396 prima
556 2359 672 2383 manu
690 2348 839 2383 tentare
858 2346 1022 2396 pericula
1040 2345 1149 2383 beni:

230 2399 292 2436 Tu
309 2399 422 2449 pedes
442 2400 489 2436 ad
507 2413 635 2437 muros
656 2399 830 2444 subsiste,
851 2402 889 2436 et
909 2399 1049 2436 moenia
1067 2397 1213 2436 serva.'’

230 2452 382 2490 Turnus
403 2453 449 2490 ad
467 2453 558 2498 haec,
579 2453 726 2490 occulos
745 2452 933 2490 horrenda
950 2452 990 2489 in
1009 2451 1156 2502 virgine
1176 2451 1294 2489 fixus:

232 2509 254 2525 ‘⁴
268 2506 300 2543 O
321 2506 433 2544 decus
456 2506 575 2543 Italiae
594 2507 713 2556 virgo,
735 2519 825 2556 quas
846 2506 966 2543 dicere
985 2508 1123 2555 grates,

230 2558 379 2605 Quasve
397 2559 532 2597 referre
553 2573 679 2609 parem
694 2559 711 2596 ’ἓ
740 2559 805 2596 sed
823 2572 936 2604 nunc,
956 2561 1014 2596 est
1033 2559 1160 2596 omnia
1177 2559 1326 2609 quando

230 2612 312 2651 Iste
331 2612 479 2650 animus
499 2626 620 2663 supra,
639 2626 789 2650 mecum
807 2612 947 2662 partire
964 2612 1142 2650 laborem.
