1674 2775
678 79 868 106 AENEIDOS
887 80 970 106 LIB.
991 80 1050 107 XI.

225 175 402 221 Munera,
423 188 508 226 quae
528 175 662 226 patriis
682 176 731 212 ad
748 189 810 213 me
828 176 991 225 portatis
1012 176 1059 214 ab
1079 176 1165 223 oris,

223 229 376 267 Vertite
395 229 443 266 ad
461 229 623 266 AEneau.
679 229 865 267 Stetimus
884 229 962 267 tela
981 243 1111 280 aspera
1129 232 1273 278 contra,

225 282 544 333 Contulimusque
563 296 719 320 manus:
749 284 904 333 experto
924 283 1077 330 credite,
1097 286 1263 334 quantus

223 336 274 373 In
293 336 455 387 clipeum
475 339 661 387 assurgat,
684 350 758 386 quo
776 336 932 374 turbine
950 339 1129 388 torqueat
1148 338 1313 376 hastam.

225 389 267 427 Si
286 389 362 427 duo
380 392 564 440 praeterea
581 390 677 428 tales
698 390 801 427 Idaea
818 390 971 428 tulisset

225 443 344 481 Terra
360 443 473 490 viros,
493 443 595 481 ultro
615 443 793 481 Inachias
812 443 978 481 venisset
998 444 1046 481 ad
1063 445 1175 482 urbes

224 496 440 544 Dardanus,
461 499 500 534 et
518 497 636 535 versis
654 497 804 547 lugeret
824 497 975 535 Graecia
992 497 1094 535 fatis.

226 550 422 602 Quidquid
441 551 542 600 apud
561 551 666 588 durae
687 553 877 589 cessatum
895 553 954 588 est
973 552 1115 589 moenia
1133 552 1270 603 Trojae,

225 604 408 642 Hectoris
429 604 636 655 AEneaeque
654 618 772 642 manu
789 605 950 642 victoria
969 605 1129 642 Graium

224 658 364 705 Haesit,
384 660 424 695 et
442 658 483 695 in
503 658 692 696 decimum
711 658 874 709 vestigia
892 658 1025 696 retulit
1044 672 1198 696 annum.

224 711 352 749 Ambo
372 711 520 758 animis,
541 712 652 750 ambo
672 711 840 762 insignes
859 712 1130 762 praestantibus
1150 713 1285 760 armis3

225 764 305 803 Hie
324 765 468 815 pietate
486 765 600 816 prior.
658 765 807 803 Coeant
826 765 866 802 in
885 766 1026 803 foedera
1045 766 1200 813 dextrae,

225 819 310 866 Qua
328 819 442 856 datur
458 835 466 856 :
496 821 567 866 ast,
587 819 702 856 armis
721 821 948 856 concurrant
969 833 1084 866 arma,
1104 822 1258 858 cavete.’

225 872 282 909 Et
300 886 480 922 responsa
498 873 612 910 simul
631 886 714 922 quae
733 872 822 919 sint,
842 886 908 910 rex
927 873 1083 923 optime,
1102 874 1201 924 regis

224 926 393 973 Audisti,
413 929 452 964 et
471 939 556 976 quae
576 926 627 964 sit
646 939 786 977 magno
806 927 997 964 sententia
1014 927 1154 965 bello.”

278 979 355 1017 Vix
373 993 416 1018 ea
433 979 574 1031 legati3
602 980 802 1030 variusque
821 994 887 1031 per
905 994 970 1018 ora
989 981 1155 1018 cucurrit

225 1033 468 1071 Ausonidum
486 1034 643 1072 turbata
662 1034 801 1071 fremor
818 1051 824 1071 :
855 1047 924 1072 ceu
943 1048 1032 1071 saxa
1050 1037 1250 1072 morantur

225 1087 356 1134 Quum
373 1087 524 1138 rapidos
545 1101 684 1133 amnes,
706 1088 752 1125 fit
771 1088 897 1125 clauso
917 1088 1071 1138 gurgite
1089 1102 1274 1136 murmur,

226 1141 446 1192 Vicinaeque
465 1141 634 1179 fremunt
652 1141 746 1191 ripae
765 1142 1040 1191 crepitantibus
1058 1142 1182 1180 undis.

225 1194 285 1232 Ut
303 1195 471 1245 primum
489 1195 630 1246 placati
649 1195 776 1241 animi,
797 1199 836 1232 et
855 1195 1005 1246 trepida
1023 1209 1088 1233 ora
1107 1197 1298 1246 quierunt,

225 1248 419 1286 Praefatus
439 1249 546 1286 divos
565 1249 658 1286 solio
677 1262 743 1286 rex
760 1248 847 1286 infit
867 1249 914 1287 ab
934 1249 1033 1287 alto:

280 1305 300 1321 “
317 1303 422 1340 Ante
442 1302 617 1352 equidem
637 1315 787 1340 summa
805 1303 851 1340 de
870 1316 910 1340 re
930 1303 1121 1350 statuisse,
1141 1303 1284 1351 Latini,

225 1356 282 1393 Et
301 1356 448 1402 vellem,
468 1359 508 1394 et
526 1356 651 1394 fuerat
670 1356 827 1402 melius3
854 1370 932 1394 non
950 1360 1123 1407 tempore
1141 1357 1211 1395 tali

226 1409 372 1461 Cogere
390 1410 604 1456 concilium,
625 1424 744 1460 quum
762 1424 891 1447 muros
911 1411 1052 1449 assidet
1071 1411 1206 1449 hostis.

223 1463 379 1501 Beuum
397 1463 673 1514 importunum,
694 1464 806 1511 cives,
826 1478 913 1502 cum
932 1468 1050 1515 gente
1069 1465 1238 1512 deorum,

225 1517 463 1567 Invictisque
482 1517 572 1554 viris
591 1518 771 1568 gerimus,
792 1531 885 1567 quos
905 1519 1010 1556 nulia
1027 1519 1196 1569 fatigant

224 1570 377 1618 Proelia,
396 1584 466 1609 nec
484 1571 579 1608 victi
597 1574 758 1621 possunt
778 1571 959 1609 absistere
978 1572 1088 1609 ferro.

227 1623 342 1674 Spem
363 1624 394 1661 si
413 1638 528 1674 quam
547 1625 702 1663 adscitis
722 1625 896 1663 AEtolum
915 1625 1103 1663 habuistis
1121 1625 1162 1662 in
1181 1625 1307 1672 armis,

1425 74 1502 111 359

227 1677 379 1716 Ponite.
435 1678 528 1729 Spes
548 1679 620 1716 sibi
639 1678 818 1729 quisque:
847 1679 913 1716 sed
937 1679 1017 1717 haec
1037 1693 1151 1730 quam
1170 1682 1335 1729 angusta
1353 1678 1503 1718 videtis.

227 1730 365 1770 Cetera
383 1745 458 1782 qua
474 1746 600 1770 rerum
614 1733 768 1783 jaceant
785 1733 955 1783 perculsa
973 1732 1094 1779 ruina,

227 1786 333 1823 Ante
353 1786 481 1824 oculos
498 1786 674 1836 interque
693 1800 828 1824 manus
847 1789 940 1824 sunt
959 1787 1087 1824 omnia
1105 1788 1263 1824 vestras.

227 1839 312 1876 Nec
331 1852 562 1889 quemquam
580 1840 724 1878 incuso.
780 1840 918 1878 Potuit
938 1854 1021 1889 quae
1040 1840 1205 1900 plurima
1223 1840 1346 1879 virtus

228 1892 336 1940 Esse,
354 1893 442 1931 fuit.
497 1893 595 1931 Toto
615 1896 805 1931 certatum
824 1896 882 1931 est
901 1907 1056 1944 corpore
1073 1907 1194 1945 regni.

227 1946 345 1984 Nunc-
364 1947 468 1994 adeo,
489 1961 571 1997 quae
591 1948 641 1984 sit
661 1947 786 1985 dubiae
805 1947 997 1985 sententia
1014 1949 1149 1994 menti,

227 1999 453 2051 Expediam,
473 2004 512 2039 et
531 2001 860 2052 paucis—animos
880 2001 1266 2040 adhibete—docebo.

228 2054 304 2092 Est
323 2054 503 2104 antiquus
523 2068 613 2106 ager
632 2055 756 2093 Tusco
775 2055 872 2092 mihi
890 2055 1084 2105 proximus
1104 2055 1220 2102 amni,

228 2107 387 2159 Longus
405 2108 445 2145 in
465 2122 652 2155 occasum,
671 2109 765 2146 fines
785 2122 897 2159 super
914 2122 1033 2158 usque
1053 2109 1229 2156 Sicanos3

227 2162 402 2200 Aurunci
421 2162 636 2213 Rutulique
655 2165 799 2209 serunt,
819 2165 858 2200 et
877 2176 1028 2200 vomere
1047 2163 1161 2200 duros

228 2215 422 2254 Exercent
441 2217 565 2263 colles,
585 2219 699 2267 atque
718 2216 858 2254 horum
877 2216 1080 2267 asperrima
1098 2219 1274 2267 pascunt.

228 2269 328 2307 Haec
347 2270 471 2308 omnis
490 2271 606 2321 regio,
627 2273 666 2308 et
686 2270 774 2308 celsi
792 2270 906 2321 plaga
923 2271 1035 2321 pinea
1053 2271 1208 2317 montis,

230 2322 352 2361 Cedat
371 2324 549 2362 amicitiae
569 2324 825 2371 Teucrorum3
854 2327 894 2362 et
912 2324 1063 2362 foederis
1083 2337 1210 2374 aequas

230 2376 413 2415 Dicamus
431 2378 545 2429 leges,
567 2378 761 2427 sociosque
779 2378 821 2415 in
840 2391 959 2428 regna
976 2391 1154 2416 vocemus
1169 2395 1177 2425 ;

230 2429 454 2476 Considant,
473 2432 506 2469 si
522 2434 657 2469 tantus
676 2445 793 2478 amor,
812 2434 852 2469 et
871 2431 1012 2469 moenia
1030 2432 1209 2470 condant.

230 2483 299 2520 Sin
317 2484 410 2522 alios
429 2485 524 2523 fines
543 2485 731 2536 aliamque
750 2498 941 2535 capessere
960 2488 1116 2535 gentem

230 2536 307 2575 Est
325 2538 487 2585 animus,
505 2542 742 2589 poscuntque
762 2539 841 2576 solo
861 2539 1039 2576 decedere
1057 2541 1211 2584 nostro3

229 2590 299 2628 Bis
318 2591 434 2630 denas
453 2592 557 2630 Italo
576 2594 751 2631 texamus
770 2593 904 2631 robore
922 2605 1049 2640 naves,
