1705 2744
607 115 797 142 AENEIDOS
817 115 900 141 LIB.
921 115 949 141 1.

171 210 306 248 Litora
317 210 487 260 jactetur
505 210 599 248 odiis
618 210 784 248 Junonis
801 210 955 260 iniquae,

171 265 279 302 Nota
297 264 390 311 tibi3
419 266 458 302 et
476 266 608 302 nostro
627 263 782 301 doluisti
800 277 900 314 saepe
920 263 1057 301 dolore.

171 318 290 355 Hunc
311 317 510 355 Phoenissa
527 319 635 355 tenet
654 317 768 364 Dido,
787 316 1007 367 blandisque
1026 318 1198 354 moratur

170 371 360 418 Vocibus3
388 373 427 409 et
445 385 585 417 vereor,
606 384 679 421 quo
699 384 737 408 se
757 370 785 407 J
786 370 927 408 unonia
942 372 1096 408 vertant

170 424 375 474 Hospitia3
403 425 506 462 haud
523 427 634 462 tanto
654 424 814 462 cessabit
833 424 983 461 cardine
1001 437 1139 461 rerum.

172 478 356 525 Quocirca
374 491 502 529 capere
522 480 610 515 ante
630 478 725 515 dolis
744 480 783 515 et
803 477 951 527 cingere
969 477 1122 514 flamma

172 531 362 582 Reginam
381 531 555 577 meditor,
574 545 622 569 ne
641 545 715 581 quo
735 545 773 568 se
791 530 946 568 numine
964 533 1112 576 mutet3

172 585 246 622 Sed
264 599 404 635 magno
423 585 556 623 AEneae
576 598 725 623 mecum
742 586 918 622 teneatur
936 598 1073 622 amore.

173 639 257 685 Qua
276 639 395 676 facere
413 639 453 675 id
471 638 602 688 possis,
622 640 792 675 nostram
811 652 912 675 nunc
932 638 1056 688 accipe
1075 639 1243 674 mentem
1259 653 1267 674 z

176 692 320 742 Regius
339 692 464 730 accitu
483 692 558 729 cari
577 692 759 742 genitoris
779 691 826 728 ad
843 691 977 728 urbem

174 745 367 783 Sidoniam
388 759 480 796 puer
498 746 552 783 ire
570 748 690 795 parat,
711 758 794 782 mea
811 744 977 781 maxima
995 757 1094 789 cura,

174 799 288 836 Dona
305 800 440 845 ferens,
459 799 593 849 pelago
613 800 652 836 et
671 797 833 835 flammis
853 798 1037 835 restantia
1056 797 1179 847 Trojae
1196 814 1203 834 :

175 852 293 890 Hunc
313 866 395 902 ego,
417 852 584 902 sopitum
603 865 747 898 somno,
767 864 877 901 super
897 851 974 888 alta
993 850 1162 901 Cythera

175 907 258 943 Aut
278 919 389 956 super
407 905 573 943 Idalium
593 907 739 942 sacrata
757 905 843 942 sede
862 904 1074 950 recondam,

175 960 237 997 Ne
257 973 331 1010 qua
350 959 442 997 scire
462 959 578 1005 dolos,
597 958 790 996 mediusve
809 972 1001 996 occurrere
1019 957 1151 1008 possit.

175 1013 236 1050 Tu
254 1012 389 1050 faciem
407 1012 508 1049 illius
527 1014 680 1050 noctem
699 1026 776 1049 non
795 1012 956 1062 amplius
975 1025 1092 1048 unam

174 1066 280 1104 Falle
300 1066 396 1112 dolo,
417 1068 456 1103 et
474 1068 586 1103 notos
606 1065 712 1115 pueri
730 1079 823 1115 puer
840 1065 954 1103 indue
974 1065 1125 1102 vultus:

175 1120 233 1158 Ut
254 1133 371 1170 quum
389 1121 429 1156 te
448 1119 592 1169 gremio
611 1119 769 1169 accipiet
786 1119 985 1156 laetissima
1004 1119 1106 1156 Dido

180 1173 339 1224 Regales
359 1173 460 1210 inter
478 1186 626 1210 mensas
645 1173 871 1222 laticemque
891 1172 1062 1222 Lyaeum,

177 1228 304 1274 Quum
323 1226 429 1264 dabit
448 1226 641 1276 amplexus
657 1228 770 1276 atque
790 1225 917 1263 oscula
935 1225 1059 1262 dulcia
1080 1226 1187 1275 figet,

178 1281 383 1318 Occultum
399 1279 557 1329 inspires
576 1279 716 1329 ignem,
736 1279 916 1329 fallasque
934 1279 1118 1316 veneno.”

179 1334 294 1371 Paret
313 1334 433 1372 Amor
452 1333 563 1370 dictis
582 1347 678 1370 carae
698 1333 911 1383 genetricis,
933 1335 972 1370 et
991 1332 1067 1369 alas

180 1388 312 1434 Exuit,
331 1389 370 1425 et
389 1400 521 1438 gressu
539 1387 706 1437 gaudens
728 1386 868 1424 incedit
888 1386 976 1423 Iuli.

180 1442 236 1478 At
254 1441 383 1478 Venus
402 1440 566 1478 Ascanio
585 1440 772 1490 placidam
790 1453 856 1490 per
875 1440 1045 1477 membra
1064 1439 1231 1489 quietem

181 1494 336 1544 Irrigat,
356 1496 395 1532 et
413 1494 538 1532 fotum
557 1493 701 1544 gremio
721 1493 789 1531 dea
807 1493 913 1531 tollit
931 1493 971 1530 'm
990 1493 1087 1530 altos

183 1548 313 1585 Idaliae
335 1547 451 1593 lucos,
470 1547 536 1584 ubi
555 1547 679 1584 mollis
698 1560 891 1584 amaracus
910 1546 1020 1584 illum

183 1601 360 1638 Floribus
380 1603 418 1638 et
438 1600 538 1638 dulci
557 1601 723 1650 aspirans
743 1600 1009 1650 complectitur
1028 1600 1170 1636 umbra.

183 1654 348 1704 Jamque
366 1654 447 1691 ibat
466 1654 568 1691 dicto
587 1667 732 1703 parem,
752 1656 790 1691 et
810 1654 909 1691 dona
928 1653 1075 1702 Cupido

184 1708 308 1758 Regia
325 1707 503 1757 portabat
522 1707 656 1757 Tyriis,
677 1707 770 1744 duce
789 1707 898 1744 laetus
918 1707 1079 1744 Achate.

238 1761 367 1807 Quum
385 1760 502 1806 venit,
522 1760 647 1797 aulaeis
660 1760 742 1810 jam
761 1773 799 1797 se
818 1760 950 1810 regina
968 1759 1136 1809 superbis

184 1815 311 1852 Ainea
330 1813 542 1864 composuit
561 1813 715 1863 sponda,
733 1813 970 1863 mediamque
988 1813 1126 1850 locavit
1141 1829 1148 1849 :

185 1868 213 1905 J
216 1881 277 1905 am
295 1869 404 1917 pater
423 1867 574 1913 AEneaS,
595 1870 633 1904 et
648 1866 729 1917 jam
749 1866 911 1917 Trojana
923 1867 1106 1917 juventus

185 1920 439 1966 Conveniunt,
459 1922 655 1970 stratoque
674 1934 784 1970 super
803 1919 1054 1957 discumbitur
1072 1921 1186 1957 ostro.

185 1975 294 2012 Dant
312 1974 445 2011 famuli
462 1974 636 2011 manibus
655 1973 842 2023 lymphas,
863 1973 1109 2023 Cereremque
1129 1971 1301 2011 canistris

186 2028 419 2078 Expediunt‚
438 2027 633 2077 tonsisque
651 2027 779 2064 ferunt
798 2027 980 2064 mantelia
997 2027 1108 2064 Villis,

187 2081 473 2132 Quinquaginta
490 2081 596 2118 intus
614 2081 779 2126 famulae,
799 2081 934 2130 quibus
954 2080 1082 2118 ordine
1100 2081 1214 2130 longo

189 2135 288 2172 Cura
304 2148 445 2185 penum
464 2136 620 2180 struere,
639 2136 678 2171 et
697 2134 860 2171 flammis
880 2134 1026 2171 adolere
1045 2136 1199 2184 penates
1215 2150 1222 2179 3

188 2188 353 2226 Centum
372 2188 464 2235 aliae,
483 2188 726 2238 todidemque
745 2201 851 2237 pares
871 2189 984 2225 aetate
1004 2187 1183 2233 ministri,

188 2242 263 2289 Qui
281 2242 439 2292 dapibus
458 2255 605 2279 mensas
624 2243 794 2288 onerant,
814 2243 853 2278 et
872 2241 1006 2291 pocula
1023 2244 1184 2291 ponunt.

189 2295 271 2333 Nec
289 2310 367 2334 non
385 2297 424 2333 et
444 2295 551 2346 Tyrii
569 2309 635 2345 per
653 2295 785 2332 limina
802 2295 891 2332 laeta
908 2295 1124 2345 frequentes

190 2349 418 2395 Convenere,
436 2349 530 2386 toris
543 2349 641 2399 jussi
658 2349 891 2386 discumbere
908 2348 1032 2398 pictis.

190 2402 384 2440 Mirantur
405 2402 503 2440 dona
522 2402 673 2448 AEneae,
701 2402 889 2439 mirantur
908 2401 1050 2448 Iulum,

191 2455 490 2506 Flagrantesque
509 2456 569 2493 dei
586 2455 729 2502 Vultus,
748 2455 998 2506 simulataque
1016 2455 1140 2500 verba,

192 2508 422 2559 Pallamque,
441 2511 480 2547 et
499 2509 646 2559 pictum
665 2522 794 2547 croceo
812 2509 984 2546 velamen
1003 2509 1176 2546 acantho.

193 2561 386 2612 Praecipue
404 2563 544 2610 infelix,
564 2562 663 2613 pesti
682 2563 820 2600 devota
837 2562 986 2607 futurae,

195 2614 350 2665 Expleri
366 2618 534 2654 mentem
552 2616 696 2667 nequit,
716 2616 949 2666 ardescitque
967 2615 1110 2652 tuendo

1361 104 1436 140 119
