1705 2744
233 85 311 122 234
640 95 676 122 P.
695 94 885 122 vmfflmt
902 95 1089 123 mnoms

235 189 310 227 Sed
328 202 453 227 comes
473 189 683 236 admonuit,
703 189 942 240 breviterque
961 191 1076 228 affata
1096 191 1242 242 Sibylla
1260 193 1340 230 est:

234 245 257 262 “
270 242 361 280 Nox
379 243 469 289 ruit,
489 242 632 289 AEnea3
661 257 729 280 nos
748 243 873 280 flendo
892 243 1064 281 ducimus
1083 245 1208 282 horas.

236 295 315 333 Hic
334 296 439 333 locus
458 298 528 341 est,
547 298 673 345 partes
692 296 757 333 ubi
777 309 816 334 se
833 297 896 333 via
913 297 1026 335 findit
1045 298 1084 334 in
1104 298 1233 335 ambas
1249 314 1257 336 :

235 348 416 395 Dextera,
436 362 517 398 quae
537 349 641 386 Ditis
660 349 791 399 magni
809 350 879 387 sub
898 351 1036 388 moenia
1055 351 1194 398 tendit,

237 402 324 439 Hac
343 402 417 440 iter
436 402 612 452 Elysium
632 402 762 440 nobis:
791 405 832 440 at
851 403 944 440 laeva
961 404 1147 441 malorum

236 455 401 492 Exercet
420 469 561 505 poenas,
581 458 620 493 et
639 455 687 492 ad
705 455 821 506 impia
840 456 1000 493 Tartara
1018 457 1185 494 mittit.’'

233 508 457 558 Deiphobus
478 511 631 546 contra:
661 512 682 527 “
695 509 758 546 Ne
776 509 875 555 saevi,
896 523 1036 560 magna
1055 510 1249 556 sacerd0s3

236 561 452 608 Discedam,
472 561 628 611 explebo
646 575 859 608 numerum,
878 563 1085 613 reddarque
1103 563 1281 601 tenebris·

232 614 255 651 I
275 615 398 661 decus,
417 615 442 661 i,
461 617 658 661 nostrum3
686 615 903 652 melioribus
922 618 1030 653 utere
1047 616 1178 654 fatis.’'

236 667 407 705 Tantum
426 668 573 714 effatus,
593 671 632 706 et
650 668 691 705 in
709 669 824 706 verbo
842 668 1006 719 vestigia
1022 669 1149 707 torsit.

291 721 464 771 Respicit
483 721 623 759 AEneas
643 722 781 767 subito,
801 724 840 759 et
860 722 930 759 sub
948 736 1040 772 rupe
1055 722 1210 760 sinistra

237 774 386 812 Moenia
404 774 485 812 lata
502 775 618 821 videt,
639 775 779 825 triplici
799 775 1033 813 circumdata
1051 789 1160 813 muro
1175 792 1182 814 :

237 827 332 873 Quae
350 828 503 878 rapidus
522 828 684 866 flammis
703 828 824 866 ambit
843 829 1077 866 torrentibus
1097 828 1218 866 amnis

237 880 440 918 Tartareus
462 881 716 932 Phlegethon,
736 884 965 932 torquetque
985 882 1160 920 sonantia
1178 895 1278 919 saxa.

236 933 357 972 Porta
375 935 540 981 adversa,
560 935 706 985 ingens,
727 935 919 985 solidoque
938 935 1139 973 adamante
1159 936 1364 973 columnae:

235 986 305 1024 Vis
324 990 369 1024 ut
388 988 493 1025 nulla
510 988 647 1036 virum,
666 1002 743 1026 non
762 988 835 1038 ipsi
855 988 1069 1026 exscindere
1089 989 1187 1027 ferro

236 1039 424 1079 Coeh'colae
442 1042 606 1079 valeant.
663 1042 750 1079 Stat
770 1043 889 1080 ferrea
906 1042 1023 1079 turris
1044 1042 1092 1079 ad
1111 1056 1220 1080 auras
1236 1058 1245 1088 ;

242 2110 522 2162 Tisiphoneque
541 2108 684 2154 sedens,
704 2109 805 2159 palla
823 2109 1017 2146 succincta
1034 2109 1202 2152 cruenta,

241 2164 485 2203 Vestibulum
504 2162 692 2199 exsomnis
712 2165 837 2199 servat
856 2165 1060 2211 noctesque
1079 2160 1243 2210 diesque.

242 2218 348 2256 Hinc
367 2215 535 2255 exaudiri
553 2215 731 2264 gemitus,
751 2218 790 2252 et
804 2228 906 2252 saeva
925 2227 1056 2252 sonare

241 2271 430 2317 Verbera3
457 2273 544 2307 tum
563 2269 703 2305 stridor
721 2268 820 2314 ferri,
839 2270 1044 2317 tractaeque
1064 2268 1220 2304 eatenae.

243 2324 430 2362 Constitit
450 2323 601 2366 AEneaS‚
620 2321 898 2371 strepitumque
916 2320 1119 2358 exterritus
1137 2318 1279 2356 hausit.

243 2381 265 2397 “
279 2378 374 2424 Quae
395 2377 576 2414 scelerum
595 2374 736 2413 facies?
765 2388 787 2412 o
806 2374 926 2424 virgo,
946 2374 1078 2411 effare:
1109 2372 1292 2423 quibusve

242 2431 443 2481 Urgentur
460 2427 580 2480 poenis
595 2428 612 2466 P
642 2428 706 2478 qui
723 2430 856 2465 tantus
875 2427 1034 2477 plangor
1053 2426 1101 2463 ad
1120 2439 1228 2463 auras
1243 2425 1288 2463 ⁶?’'

243 2484 346 2521 Tum
363 2486 470 2521 vates
490 2483 542 2519 sic
563 2493 646 2519 orsa
664 2481 788 2531 loqui:
819 2484 840 2499 “
856 2480 946 2517 Dux
964 2480 1108 2530 inclyte
1128 2479 1328 2525 Teucrum,

243 2537 355 2574 Nulli
372 2537 428 2574 sas
448 2538 552 2574 casto
573 2535 796 2572 sceleratum
814 2533 987 2571 insistere
1005 2533 1146 2578 limen3

244 2590 319 2628 Sed
336 2604 398 2628 me
417 2603 535 2640 quum
553 2588 648 2626 lucis
668 2588 816 2626 Hecate
834 2587 1006 2637 praefecit
1024 2585 1199 2632 Avernis,
