1705 2744
649 95 870 124 BucoLmA.
925 95 1016 123 ECL.
1036 96 1093 122 Π.
1460 89 1510 126 23

238 196 382 246 Sponte
401 207 479 240 sua,
499 193 592 231 dum
610 192 705 230 ferre
723 205 861 238 moror,
881 191 975 229 cinis
994 191 1086 242 ipse.
1142 190 1297 228 Bonum
1317 191 1390 231 sit!

237 249 378 287 Nescio
399 247 490 299 quid
509 248 610 284 certe
630 249 710 292 est;
739 248 778 283 et
798 245 931 296 Hylax
950 245 992 282 in
1009 245 1141 282 limine
1159 245 1290 282 latrat.

239 300 470 341 Credimus?
490 314 550 346 an,
570 300 635 349 qui
654 302 797 346 amant,
816 299 890 350 ipsi
909 299 981 336 sibi
1000 299 1148 336 somnia
1166 298 1353 348 fingunt?

239 356 402 404 Parcite,
422 355 469 393 ab
487 355 580 392 urbe
600 353 717 400 venit,
731 353 814 404 jam
831 353 987 404 parcite,
1007 352 1186 400 carmina,
1206 352 1422 403 Daphnis.''

589 1311 810 1349 ECLOGA
838 1311 912 1349 IX.
968 1310 1174 1349 MOERIS.

298 1412 398 1450 LYC.
429 1411 513 1458 Quo
531 1412 583 1457 te,
600 1410 728 1456 Moeri,
744 1410 857 1460 pedes
873 1409 889 1448 Ρ
911 1424 971 1456 an,
987 1423 1061 1461 quo
1080 1410 1143 1447 via
1162 1409 1280 1455 ducit,
1296 1409 1335 1446 in
1355 1408 1520 1447 urbem?

298 1466 422 1502 MOER.
452 1465 485 1502 O
506 1464 662 1515 Lycida,
682 1464 759 1501 vivi
778 1464 1030 1514 pervenimus,
1051 1464 1196 1501 advena
1213 1463 1337 1500 nostri

252 1519 382 1569 (Quod
399 1531 596 1568 nunquam
614 1518 727 1556 veriti
747 1518 909 1567 sumus)
933 1521 977 1555 ut
998 1530 1189 1568 possessor
1209 1517 1322 1567 agelli

247 1572 425 1610 Diceret:
454 1575 475 1591 “
489 1572 586 1609 Haec
604 1585 690 1609 mea
708 1574 821 1617 sunt3
844 1574 990 1609 veteres
1010 1571 1174 1621 migrate
1194 1570 1359 1608 coloni.”

246 1625 363 1663 Nunc
383 1625 487 1671 victi,
506 1625 649 1666 tristes,
669 1625 848 1675 quoniam
869 1625 965 1662 Fors
985 1625 1113 1662 omnia
1131 1626 1270 1669 versat,

247 1679 334 1717 Hos
352 1678 410 1716 illi
432 1678 552 1729 (quod
568 1692 637 1716 nec
656 1679 752 1716 bene
770 1679 916 1728 vertat)
939 1678 1133 1715 mittimus
1153 1677 1293 1715 haedos.

301 1731 402 1769 LYC.
432 1732 545 1769 Certe
563 1732 738 1782 equidem
757 1732 960 1777 audieram,
981 1745 1055 1782 qua
1074 1744 1113 1768 se
1133 1731 1340 1769 subducere
1359 1730 1472 1769 colles

248 1785 460 1836 Incipiunt,
478 1785 656 1835 mollique
670 1785 809 1835 jugum
829 1785 1030 1823 demittere
1049 1785 1158 1831 clivo,

248 1839 381 1889 Usque
401 1839 448 1876 ad
467 1852 603 1889 aquam
622 1841 661 1876 et
680 1842 838 1885 veteres,
854 1839 935 1889 jam
954 1839 1075 1876 fracta
1094 1838 1301 1886 cacumina,
1320 1839 1442 1889 fagos,

246 1893 388 1931 Omnia
406 1892 635 1930 carminibus
654 1895 826 1930 vestrum
846 1906 1013 1930 servasse
1033 1892 1248 1929 Menalcan.

302 1946 426 1983 MOER.
455 1946 653 1992 Audieras,
674 1949 712 1983 et
732 1946 833 1983 fama
852 1946 948 1992 fuit,
977 1946 1043 1983 sed
1062 1946 1229 1983 carmina
1248 1948 1406 1985 tantum

249 1999 397 2038 Nostra
415 1999 557 2046 valent,
577 1999 734 2050 Lycida,
754 2000 832 2037 tela
849 2000 951 2037 inter
970 2000 1127 2045 Mastia,
1147 2002 1336 2050 quantum

249 2053 439 2091 Chaonias
459 2053 604 2099 dicunt,
624 2053 750 2103 aquila
767 2053 956 2099 veniente,
977 2053 1182 2091 columbas.

248 2107 361 2155 Quod
378 2107 452 2144 nisi
470 2120 531 2144 me
550 2120 787 2157 quacumque
806 2120 923 2144 novas
941 2107 1106 2144 incidere
1125 2106 1212 2144 lites

249 2163 355 2199 Ante
375 2160 529 2198 sinistra
548 2174 639 2198 cava
657 2160 869 2198 monuisset
888 2161 934 2198 ab
954 2161 1037 2198 ilice
1058 2160 1209 2199 cornix:

247 2215 333 2253 Nec
350 2217 442 2252 tuus
460 2214 523 2252 hje
542 2214 690 2260 Moeris,
710 2228 779 2252 nec
798 2214 942 2252 viveret
961 2214 1041 2265 ipse
1060 2214 1267 2252 Menalcas.

302 2268 404 2305 LYC.
425 2268 636 2314 Heu,cadit
641 2268 681 2305 in
686 2270 1075 2318 quemquamtantum
1082 2267 1226 2306 scelus?
1243 2268 1329 2314 heu,
1334 2269 1405 2304 tua
1415 2267 1526 2305 nobis

250 2322 364 2360 Paene
384 2321 498 2359 simu]
515 2324 645 2359 tecum
664 2321 800 2359 solatia
817 2325 938 2372 rapta,
958 2320 1168 2360 Menalca?

250 2375 344 2422 Quis
363 2377 514 2413 caneret
533 2375 738 2426 Nymphas
753 2374 770 2413 ἶ)
800 2376 883 2426 quis
902 2376 1065 2413 humum
1083 2375 1309 2413 florentibus
1328 2374 1456 2412 herbis

251 2429 465 2480 Spargeret‚
484 2430 551 2466 aut
568 2429 682 2466 viridi·
699 2429 825 2467 fontes
843 2429 1040 2467 induceret
1058 2428 1226 2467 umbra?

252 2482 325 2520 Vel
344 2496 427 2533 quae
445 2482 593 2533 sublegi
610 2482 753 2520 tacitus
772 2483 846 2520 tibi
865 2483 1033 2520 carmina
1050 2496 1171 2533 nuper

254 2536 382 2582 Quum
399 2538 440 2574 te
458 2536 506 2574 ad
524 2536 676 2574 delicias
695 2536 822 2582 ferres,
842 2536 1093 2587 Amaryllida,
1113 2539 1263 2574 nostras
1278 2534 1296 2573 P

255 2591 276 2609 “
290 2589 435 2641 Tityre,
454 2590 547 2628 dum
565 2590 689 2637 redeo,
707 2589 832 2627 brevis
852 2592 911 2628 est
929 2590 1002 2638 via,
1021 2604 1131 2641 pasce
1151 2589 1325 2640 capellas,
