1705 2744
229 76 282 114 94
637 87 672 114 P.
692 87 878 114 VIRGILII
896 87 1084 115 immonis

230 182 314 229 Quo
332 183 461 220 totum
479 182 562 219 nati
579 196 712 233 corpus
729 183 904 233 perduxit
921 199 929 227 ;
957 185 998 221 at
1015 183 1071 221 illi

229 236 363 274 Dulcis
382 235 599 285 compositis
619 236 776 286 spiravit
795 237 958 274 crinibus
977 250 1078 282 aura,

231 289 362 339 Atque
379 289 514 327 habilis
532 289 709 326 membris
727 289 833 327 venit
850 290 970 340 vigor.
1024 290 1099 327 Est
1118 303 1248 340 specus
1266 289 1399 340 ingens

229 342 345 380 Exesi
361 342 478 380 latere
497 342 537 379 in
555 342 708 388 montis,
728 355 801 392 quo
819 343 982 392 plurima
998 345 1114 380 vento

228 395 388 446 Cogitur
406 395 519 445 inque
538 395 640 432 sinus
659 395 797 432 scindit
816 409 894 433 sese
912 395 1014 433 unda
1030 396 1217 441 reductos,

226 449 430 499 Deprensis
450 448 541 486 olim
560 448 675 486 statio
689 448 882 485 tutissima
899 449 1025 485 nautis
1039 465 1048 494 ;

227 502 341 539 Intus
360 515 398 540 se
416 501 515 539 vasti
534 501 694 539 Proteus
712 501 811 551 tegit
830 501 948 552 objice
967 501 1057 539 saxi.

227 555 306 593 Hie
319 555 498 606 juvenem
515 554 555 591 in
572 554 726 592 latebris
746 568 919 592 aversum
937 568 959 592 a
975 554 1117 592 lumine
1136 553 1322 605 Nympha

227 608 418 655 Collocat3
445 608 527 658 ipsa
543 607 674 658 procul
691 607 836 645 nebulis
856 607 1013 645 obscura
1029 607 1185 644 resistit.

227 661 256 698 J
258 675 319 699 am
336 662 488 712 rapidus
505 663 652 698 torrens
672 661 842 698 sitientes
862 660 980 697 Sirius
1000 660 1117 697 Indos

227 715 420 761 Ardebat3
448 714 541 752 coelo
561 716 599 752 et
618 714 785 751 medium
804 713 868 751 Sol
886 714 1020 764 igneus
1040 714 1168 751 orbem

228 768 444 814 Hauserat3
472 767 627 805 arebant
645 767 781 813 herbae,
800 769 840 805 et
860 780 950 804 cava
966 767 1125 804 fiumina
1142 766 1249 804 siccis

227 821 416 859 Faucibus
436 821 483 858 ad
500 821 633 858 limum
651 820 746 857 radii
763 821 952 870 tepefacta
970 819 1202 870 coquebant3

228 874 355 921 Quum
373 874 534 912 Proteus
554 876 733 911 consueta
750 876 881 924 petens
902 887 921 911 e
939 873 1117 911 fiuctibus
1137 874 1247 910 antra

227 927 339 966 Ibat:
368 941 455 965 eum
472 927 572 965 vasti
590 927 731 964 circum
749 940 841 977 gens
860 926 1017 964 humida
1033 926 1144 977 ponti

226 981 433 1018 Exsultans
451 994 575 1018 rorem
592 980 668 1018 late
687 980 863 1030 dispersit
881 993 1063 1017 amarum.

227 1034 414 1072 Sternunt
432 1047 471 1071 se
490 1047 621 1071 somno
641 1033 795 1071 diversae
813 1033 854 1070 in
872 1033 985 1071 litore
1004 1033 1157 1083 phocae:

226 1087 326 1138 Ipse,
344 1087 450 1125 velut
469 1086 609 1124 stabuli
628 1089 753 1124 custos
772 1087 812 1123 in
830 1086 1024 1124 montibus
1043 1086 1146 1132 olim,

225 1141 368 1191 Vesper
385 1140 451 1178 ubi
469 1153 489 1178 e
507 1142 620 1190 pastu
636 1139 778 1177 vitulos
798 1140 845 1176 ad
862 1141 967 1177 tecta
983 1139 1141 1185 reducit,

225 1194 453 1244 Auditisque
470 1193 578 1243 lupos
597 1195 738 1230 acuunt
755 1192 943 1230 balatibus
963 1193 1062 1243 agni,

226 1247 400 1285 Considit
419 1246 570 1296 scopulo
589 1246 745 1293 medius,
764 1259 1038 1296 numerumque
1055 1248 1234 1282 recenset.

227 1300 344 1351 Cujus
363 1300 528 1338 Aristaeo
548 1299 725 1349 quoniam
743 1301 801 1336 est
821 1299 948 1336 oblata
964 1298 1134 1344 facultas,

226 1354 301 1390 Vix
320 1354 463 1391 defessa
481 1366 608 1390 senem
625 1366 754 1402 passus
775 1365 996 1402 componere
1014 1352 1194 1398 membra,

227 1406 325 1444 Cum
344 1407 504 1444 clamore
522 1406 600 1442 ruit
618 1419 768 1456 magno,
786 1405 1016 1455 manicisque
1028 1405 1220 1455 jacentem

227 1460 409 1510 Occupat.
464 1459 535 1496 Ille
554 1472 632 1496 suae
652 1461 783 1496 contra
800 1472 877 1496 non
895 1459 1094 1496 immemor
1112 1458 1215 1504 mis,

227 1513 365 1551 Omnia
382 1512 630 1550 transformat
649 1525 727 1549 sese
746 1512 786 1548 in
803 1511 983 1549 miracula
999 1524 1136 1557 rerum,

226 1566 448 1617 Ignemque‚
467 1565 758 1615 horribilemque
776 1565 905 1611 seram,
923 1564 1155 1614 fluviumque
1173 1563 1394 1613 liquentem.

224 1619 369 1658 Verum
387 1619 454 1656 ubi
471 1618 575 1656 nulla
592 1619 723 1669 fugam
741 1618 879 1668 reperit
898 1618 1062 1667 pellacia,
1081 1617 1205 1654 victus

225 1673 276 1710 In
295 1686 374 1711 sese
391 1672 501 1718 redit,
520 1674 633 1722 atque
652 1671 814 1709 hominis
833 1671 988 1708 tandem
1007 1684 1069 1708 ore
1087 1670 1258 1708 locutus:

226 1730 247 1746 “
263 1727 367 1763 Nam
386 1726 469 1776 quis
487 1727 539 1771 te,
552 1725 736 1776 juvenum
754 1723 1084 1771 confidentissime,
1102 1725 1250 1761 nostras

226 1779 254 1816 J
257 1780 352 1817 ussit
371 1779 472 1817 adire
491 1779 623 1816 domus
637 1778 656 1817 Ρ
681 1778 817 1828 quidve
834 1778 923 1815 hinc
941 1777 1070 1827 petis?
1086 1777 1108 1792 ”
1138 1776 1275 1826 inquit.
1329 1775 1384 1812 At
1401 1775 1486 1814 ille:

227 1836 247 1851 “
262 1833 352 1879 Scis,
373 1833 526 1878 ProteU,
546 1832 617 1869 scis
635 1832 735 1882 ipse3
763 1845 882 1881 neque
902 1834 959 1868 est
977 1833 1018 1868 te
1036 1830 1163 1868 fallere
1182 1829 1407 1880 quidquam3

227 1886 300 1924 Sed
319 1889 365 1923 tu
384 1885 510 1923 desine
529 1885 634 1922 velle.
689 1885 816 1923 Deum
832 1886 1019 1934 praecepta
1037 1883 1168 1929 secuti,

225 1939 409 1976 Venimus
428 1938 516 1975 hinc
534 1938 647 1988 lapsis
667 1938 872 1987 quaesitum
890 1936 1038 1975 oracula
1054 1935 1205 1974 rebus.’‘

226 1992 395 2029 Tantum
414 1992 560 2029 effatus.
615 1991 679 2027 Ad
696 1991 775 2028 haec
793 1992 899 2028 vates
918 1990 957 2026 vi
975 1990 1135 2039 denique
1154 1987 1276 2026 multa

225 2045 413 2082 Ardentes
433 2044 558 2082 oculos
577 2044 730 2081 intorsit
748 2043 890 2080 lumine
909 2043 1053 2093 glauco,

225 2098 281 2135 Et
300 2098 465 2148 graviter
482 2097 667 2143 frendens,
687 2097 739 2134 sic
757 2097 844 2133 fatis
864 2109 928 2133 ora
944 2094 1119 2132 resolvit:

278 2151 404 2188 “Non
422 2153 461 2187 te
479 2149 618 2187 nullius
637 2152 810 2187 exercent
828 2148 993 2186 numinis
1011 2148 1088 2184 irae.

225 2204 372 2254 Magna
388 2203 461 2240 luis
481 2203 698 2240 commissa:
727 2203 799 2239 tibi
817 2202 884 2238 has
903 2199 1124 2238 miserabilis
1144 2199 1314 2249 Orpheu„

225 2257 532 2307 Haudquaquam
551 2256 598 2293 ob
617 2256 795 2293 meritum
813 2267 952 2305 poenas,
971 2254 1011 2290 ni
1030 2253 1129 2290 Fata
1146 2252 1337 2299 resistant,

226 2310 405 2355 Suscitat‚
425 2312 463 2347 et
481 2311 590 2358 rapta
608 2309 774 2359 graviter
792 2322 859 2358 pro
879 2307 1035 2357 conjuge
1055 2306 1175 2344 saevit.

225 2363 299 2401 Illa
317 2363 480 2412 quidem,
501 2362 591 2399 dum
609 2366 648 2399 te
667 2362 815 2412 sugeret
834 2375 900 2411 per
917 2360 1073 2397 flumina
1090 2372 1265 2409 praeceps,

225 2416 441 2453 Immanem
459 2418 546 2452 ante
566 2415 676 2465 pedes
695 2415 871 2465 hydrum,
890 2414 1075 2451 moritura
1092 2412 1226 2462 puella,

226 2470 447 2507 Servantem
465 2469 563 2518 ripas
584 2468 662 2505 alta
680 2482 755 2505 non
774 2468 871 2505 vidit
889 2468 930 2504 in
947 2466 1073 2504 herba.

225 2524 281 2560 At
301 2523 437 2560 chorus
457 2521 607 2570 aequalis
628 2522 827 2572 Dryadum
847 2521 1007 2558 clamore
1026 2531 1218 2568 supremos

224 2576 442 2627 Implerunt
460 2577 609 2612 montes
625 2592 632 2622 ;
660 2575 800 2612 fierunt
820 2574 1050 2623 Rhodope‘i'ae
1069 2584 1170 2609 arces
