1674 2775
546 131 734 158 AENEIDOS
753 131 835 158 LIB.
855 131 893 158 X.

79 226 155 264 Est
174 226 308 264 domus
327 225 426 272 alta3
448 225 577 276 jacent
595 226 747 276 penitus
766 226 912 264 defossa
929 226 1076 264 talenta

80 279 215 317 Caelati
233 279 382 330 argenti
398 296 406 325 3
435 282 525 316 sunt
544 279 624 316 auri
643 279 809 329 pondera
827 279 919 316 facti

78 331 292 382 Infectique
310 332 416 369 mihi.
471 332 563 369 Non
580 332 642 369 hic
660 332 818 369 victoria
836 332 1024 369 Teucrum

78 384 254 423 Vertitur
270 402 278 432 3
306 388 373 422 aut
392 384 517 422 anima
534 399 610 422 una
628 385 733 422 dabit
752 385 967 422 discrimina
985 387 1134 424 tanta.’'

78 437 251 476 Dixerat.
306 439 445 475 AEneas
465 441 597 475 contra
615 438 674 475 cui
692 438 784 475 talia
802 438 926 475 reddit
941 455 948 475 :

79 493 101 510 “
116 491 281 541 Argenti
299 494 412 541 atque
431 491 511 528 auri
529 504 714 529 memoras
734 504 816 540 quae
835 491 959 528 multa
976 492 1132 538 talenta,

78 544 194 581 Natis
213 558 322 594 parce
340 544 429 581 tuis.
485 544 582 581 Belli
602 544 824 581 commercia
843 544 993 581 Turnus

79 597 243 634 Sustulit
262 598 336 634 ista
354 597 455 647 prior
468 597 549 647 jam
567 600 653 634 tum
673 597 847 634 Pallante
865 600 1048 647 peremto.

78 650 167 687 Hoc
186 651 304 700 patris
323 650 501 687 Anchisae
519 664 658 696 manes,
677 650 748 687 hoc
768 650 886 687 sentit
906 650 1055 689 Iulus.”

78 703 140 740 Sic
158 703 260 741 fatus
279 704 423 753 galeam
443 703 537 740 laeva
554 706 672 749 tenet,
692 705 805 753 atque
824 703 959 740 reflexa

79 755 232 794 Cervice
252 757 394 794 orantis
414 757 545 806 capulo
563 759 674 794 tenus
694 756 858 806 applicat
877 770 1016 794 ensem.

77 809 161 846 Nec
179 810 311 859 procul
335 809 593 855 Haemonides,
613 809 749 846 Phoebi
768 809 978 858 Triviaeque
997 809 1178 856 sacerdos,

77 862 206 899 Insula
225 863 285 899 cui
304 876 406 900 sacra
424 862 625 899 redimibat
643 865 814 912 tempora
832 862 942 908 vitta,

77 915 199 952 Totus
219 916 404 953 collucens
422 918 526 952 veste
546 918 658 965 atque
677 915 887 965 insignibus
907 915 1018 953 armis
1035 932 1042 953 :

77 968 199 1014 Quem
219 982 439 1018 congressus
458 969 538 1018 agit
557 982 700 1018 campo,
718 969 938 1018 lapsumque
958 971 1173 1019 superstans

77 1020 271 1067 Immolat,
291 1021 510 1071 ingentique
528 1022 663 1058 umbra
680 1022 802 1071 tegit;
831 1035 934 1059 arma
955 1022 1125 1059 Serestus

75 1073 196 1112 Lecta
214 1075 327 1112 refert
346 1075 523 1120 humeris,
542 1075 624 1121 tibi,
643 1088 708 1112 rex
728 1075 901 1121 Gradive,
920 1078 1118 1125 tropaeum.

76 1126 300 1164 Instaurant
320 1128 414 1165 acies
432 1127 593 1165 Vulcani
611 1128 727 1178 stirpe
746 1130 892 1165 creatus

76 1180 248 1217 Caeculus
267 1184 306 1218 et
324 1181 477 1218 veniens
496 1181 713 1218 Marsorum
731 1181 926 1219 montibus
945 1181 1107 1218 Umbro.

75 1233 311 1271 Dardanides
331 1236 462 1271 contra
480 1234 584 1271 furit.
640 1234 808 1271 Anxuris
828 1248 914 1271 ense
933 1234 1127 1272 sinistram

75 1286 131 1323 Et
150 1289 276 1323 totum
297 1287 405 1336 clipei
422 1287 519 1324 ferro
539 1287 721 1337 dejecerat
741 1287 869 1324 orbem
883 1304 945 1334 3—

75 1339 236 1376 Dixerat
254 1340 316 1377 ille
336 1340 476 1389 aliquid
494 1353 688 1389 magnum,
706 1340 859 1390 vimque
878 1341 990 1378 affore
1009 1340 1125 1378 verbo

76 1392 305 1439 Crediderat,
325 1393 491 1443 coeloque
510 1394 678 1430 animum
696 1393 854 1431 fortasse
872 1394 1027 1440 ferebat,

76 1445 336 1496 Canitiemque
356 1446 426 1483 sibi
445 1448 483 1483 et
502 1446 635 1496 longos
653 1447 876 1496 promiserat
895 1461 1012 1484 annos
1026 1463 1089 1493 3—

75 1498 280 1547 Tarquitus
299 1499 490 1536 exsultans
509 1502 641 1537 contra
659 1500 892 1550 fulgentibus
911 1500 1036 1546 armis,

75 1551 261 1589 Silvicolae
280 1552 412 1590 Fauno
432 1552 587 1602 Dryope
606 1566 717 1602 quem
736 1553 906 1603 nympha
924 1555 1079 1599 crearat,

75 1604 220 1642 Obvius
239 1605 386 1642 ardenti
404 1618 482 1642 sese
501 1606 653 1642 obtulit.
708 1605 780 1643 Ille
797 1607 953 1643 reducta

74 1657 250 1695 Loricam
269 1658 450 1708 clipeique
469 1658 602 1708 ingens
621 1672 715 1695 onus
733 1659 892 1708 impedit
910 1659 1032 1696 hasta.

75 1710 175 1747 Tum
195 1714 308 1761 caput
327 1711 469 1748 orantis
488 1711 752 1761 nequidquam,
771 1716 810 1749 et
829 1712 951 1749 multa
968 1711 1137 1762 parantis

74 1763 221 1809 Dicere,
241 1764 419 1801 deturbat
436 1767 559 1811 terrae,
578 1767 830 1815 truncumque
849 1768 1044 1815 tepentem

73 1816 317 1863 Provolvens,
337 1830 448 1867 super
465 1818 549 1855 haec
567 1817 720 1855 inimico
739 1820 890 1867 pectore
908 1819 1011 1855 fatur
1027 1834 1035 1855 ε

74 1872 95 1888 “
112 1869 207 1908 Istic
227 1884 338 1916 nunc,
357 1871 569 1917 metuende,
581 1870 676 1921 jace.
731 1871 823 1909 Non
841 1874 880 1908 te
900 1871 1044 1922 optima
1061 1873 1184 1908 mater

74 1922 222 1960 Condet
241 1923 360 1969 humi,
379 1924 550 1973 pati-iove
569 1924 739 1961 onerabit
758 1925 928 1962 membra
946 1924 1114 1974 sepulcro
1131 1941 1139 1961 :

73 1975 241 2014 Alitibus
260 1976 427 2025 linquere
445 1976 532 2014 feris
549 1993 557 2023 ;
585 1979 652 2014 aut
670 1978 822 2027 gurgite
840 1991 1006 2015 mersum

73 2028 189 2066 Unda
206 2029 312 2076 feret,
331 2029 524 2079 piscesque
542 2030 696 2080 impasti
714 2031 869 2068 vulnera
886 2030 1096 2068 lambent.’'

73 2081 263 2119 Protenus
281 2083 464 2120 Antaeum
483 2085 522 2120 et
541 2083 697 2130 Lucam,
716 2084 837 2134 prima
856 2084 1009 2134 agmina
1027 2083 1158 2129 Turni,

72 2134 329 2185 Persequitur,
349 2136 559 2186 sortemque
578 2137 759 2183 Numam,
780 2137 999 2186 fulvumque
1019 2136 1244 2183 Camertem,

72 2187 323 2238 Magnanimo
343 2189 544 2227 Volscente
563 2191 700 2236 satum,
720 2190 928 2227 ditissimus
947 2190 1029 2240 agri

74 2240 149 2286 Qui
167 2242 242 2279 fuit
259 2242 508 2290 Ausonidum,
531 2245 569 2280 et
588 2243 716 2280 tacitis
734 2244 908 2293 regnavit
926 2243 1112 2294 Amyclis.

73 2293 222 2344 AEgeon
241 2295 371 2345 qualis,
392 2299 547 2333 centum
566 2296 626 2333 cui
643 2296 796 2334 brachia
815 2297 947 2334 dicunt

75 2345 336 2398 Centenasque
353 2362 498 2395 manuS,
518 2349 795 2400 quinquaginta,
812 2350 938 2388 oribus
957 2349 1086 2400 ignem

74 2397 369 2451 Pectoribusque
387 2402 530 2448 arsisse,
551 2402 579 2439 J
581 2403 660 2440 ovis
681 2417 796 2452 quum
816 2403 975 2440 fulmina
993 2405 1125 2440 contra

75 2450 151 2488 Tot
170 2453 321 2502 paribus
341 2457 523 2504 streperet
543 2455 681 2505 clipeis,
699 2458 762 2494 tot
780 2457 984 2506 stringeret
1002 2469 1107 2493 enses
1124 2472 1132 2493 :

75 2503 136 2541 Sic
154 2507 239 2543 toto
258 2506 397 2544 AEneas
416 2507 572 2545 desaevit
590 2509 631 2546 in
651 2522 800 2559 aequore
818 2509 952 2555 victor,

74 2555 132 2594 Ut
152 2559 267 2596 semel
284 2559 450 2610 intepuit
467 2574 609 2598 mucro.
665 2562 766 2608 Quin
784 2575 868 2600 ecce
886 2562 1042 2612 Niphaei

75 2609 324 2662 Quadri-juges
342 2612 383 2650 in
401 2626 515 2663 equos
534 2614 760 2664 adversaque
777 2618 931 2665 pectora
948 2615 1096 2652 tendit:

1266 123 1343 160 339
