1705 2744
274 113 351 150 228
681 124 717 151 1².
737 124 924 151 vmoun
942 124 1131 152 MARONIS

272 216 490 254 Admoneat
508 217 665 255 volitare
684 231 775 255 cava
793 218 862 256 sub
881 219 1044 270 imagine
1063 219 1203 265 formae,

274 269 414 315 Irruat,
434 273 473 307 et
491 270 631 307 frustra
649 271 746 309 ferro
765 271 975 310 diverberet
994 272 1157 310 umbras.

328 322 432 360 Hinc
451 322 522 367 via,
542 323 714 361 Tartarei
732 337 817 374 quae
838 324 912 362 sert
931 325 1159 362 Acherontis
1178 323 1225 361 ad
1245 322 1384 360 undas:

274 374 464 412 Turbidus
483 375 544 413 hic
564 389 670 414 coeno
690 380 869 427 vastaque
887 378 1064 428 voragine
1083 390 1222 428 gurges

274 427 443 474 AEstuat,
462 431 575 478 atque
594 442 745 466 omnem
765 429 911 479 Cocyto
929 433 1077 468 eructat
1096 442 1258 468 arenam.

275 479 447 518 Portitor
465 481 533 518 has
553 481 760 520 horrendus
780 496 893 533 aquas
913 485 952 520 et
970 483 1127 520 flumina
1145 484 1270 520 servat

271 1323 447 1361 Terribili
467 1323 635 1374 squalore
656 1322 829 1361 Charon:
858 1323 918 1360 cui
936 1322 1099 1373 plurima
1117 1326 1247 1360 mento

271 1377 438 1415 Canities
457 1377 601 1414 inculta
612 1377 736 1427 jacet3
765 1378 870 1413 stant
888 1376 1032 1413 lumina
1049 1376 1223 1422 flamma3

270 1429 451 1467 Sordidus
470 1444 515 1468 ex
533 1430 700 1467 humeris
718 1430 817 1467 nodo
836 1429 1022 1479 dependet
1041 1429 1213 1466 amictus.

269 1481 359 1532 Ipse
377 1486 499 1521 ratem
520 1485 632 1520 conto
651 1482 795 1532 subigit
813 1482 978 1532 velisque
996 1481 1202 1529 ministrat,

268 1535 325 1572 Et
343 1536 556 1586 ferruginea
574 1536 772 1573 subvectat
792 1548 946 1584 corpora
964 1535 1100 1585 cymba

266 1587 296 1625 J
297 1601 358 1625 am
378 1589 501 1626 senior
517 1605 525 1634 ;
553 1588 618 1626 sed
637 1588 751 1626 cruda
769 1588 838 1625 deo
856 1587 1058 1637 viridisque
1078 1589 1262 1625 senectus.

268 1641 360 1678 Huc
380 1642 502 1679 omnis
520 1641 633 1679 turba
651 1642 698 1678 ad
716 1641 815 1691 ripas
835 1641 952 1678 effusa
969 1640 1115 1686 ruebat,

268 1694 417 1732 Matres
436 1697 550 1744 atque
567 1694 651 1740 viri,
671 1694 922 1743 defunctaque
941 1706 1096 1743 corpora
1113 1692 1195 1729 vita

268 1747 562 1797 Magnanimum
580 1747 750 1793 heroum,
769 1747 876 1797 pueri
894 1747 1137 1796 innuptaeque
1155 1745 1304 1795 puellae,

269 1799 521 1850 Impositique
539 1800 641 1850 rogis
655 1800 813 1850 juvenes
832 1802 921 1837 ante
940 1813 1004 1837 ora
1021 1800 1245 1849 parentum:

270 1853 394 1899 Quam
412 1853 535 1890 multa
553 1853 592 1890 in
612 1853 715 1890 silvis
734 1852 930 1890 auctumni
949 1852 1087 1902 frigore
1104 1851 1228 1902 primo

269 1905 394 1955 Lapsa
413 1907 553 1943 cadunt
572 1905 683 1952 folia3
711 1908 778 1943 aut
797 1906 844 1943 ad
862 1908 1004 1943 terram
1022 1904 1175 1955 gurgite
1193 1904 1240 1941 ab
1259 1903 1338 1941 alto

269 1958 392 2004 Quam
411 1959 542 1996 multae
561 1959 823 2009 glomerantur
842 1972 940 2004 aves,
959 1958 1025 1995 ubi
1043 1957 1204 2007 frigidus
1223 1970 1343 1994 annus

269 2010 390 2047 Trans
410 2014 571 2061 pontum
590 2012 711 2062 fugat,
731 2014 770 2049 et
788 2011 898 2049 terris
918 2010 1098 2048 immittit
1117 2009 1264 2060 apricis.

269 2063 432 2101 Stabant
452 2066 601 2101 orantes
620 2064 732 2114 primi
749 2064 1011 2102 transmittere
1030 2076 1193 2108 cursum,

270 2116 566 2166 Tendebantque
586 2130 718 2153 manus
737 2116 826 2166 ripae
844 2116 1033 2153 ulterioris
1052 2128 1200 2160 amore;

268 2169 414 2206 Navita
432 2169 497 2207 sed
515 2169 637 2206 tristis
657 2182 757 2206 nunc
777 2169 858 2214 hos,
877 2182 978 2206 nunc
997 2167 1133 2218 accipit
1152 2166 1258 2204 illos:

269 2223 344 2259 Ast
363 2222 454 2260 alios
471 2222 584 2272 longe
603 2222 798 2259 submotos
818 2224 919 2259 arcet
938 2234 1059 2258 arena.

270 2274 421 2321 AEneae,
441 2275 599 2312 miratus
619 2274 720 2312 enim
737 2276 939 2324 motusque
956 2272 1141 2318 tumultu,

270 2330 291 2347 ‘⁴
305 2328 417 2374 Dic‚”
439 2327 505 2374 ait,
525 2330 545 2347 “
559 2341 580 2365 o
598 2328 718 2378 virgo,
737 2327 828 2377 quid
845 2327 930 2364 vult
950 2339 1151 2364 concursus
1171 2324 1218 2362 ad
1236 2322 1418 2362 amnem?

270 2380 416 2427 Quidve
435 2382 573 2431 petunt
592 2379 757 2418 animae‘?
785 2380 845 2417 vel
864 2393 937 2430 quo
957 2378 1171 2416 discrimine
1189 2377 1288 2427 ripas

269 2433 345 2470 Hae
363 2433 553 2483 linquunt,
570 2433 648 2471 iilae
666 2433 778 2471 remis
796 2433 892 2470 vada
909 2433 1025 2470 livida
1042 2432 1198 2469 verrunt
1212 2429 1257 2468 ?''

269 2486 345 2524 Olli
364 2486 416 2524 sic
434 2487 599 2524 breviter
619 2488 697 2524 fata
715 2489 773 2524 est
791 2486 962 2536 longaeva
980 2485 1172 2522 sacerdos:

268 2542 290 2558 “
303 2539 471 2577 Anchisa
489 2542 678 2590 generate,
698 2539 809 2577 deum
829 2538 1037 2577 certissima
1054 2537 1188 2588 proles,

269 2591 405 2644 Cocyti
424 2594 560 2644 stagna
578 2593 656 2630 alta
673 2592 788 2640 vides,
809 2592 1056 2643 Stygiamque
1074 2589 1262 2641 paludem,
