1705 2744
269 109 345 146 156
672 120 706 145 P.
727 118 911 145 vmmm
940 117 1126 145 MAnoms

323 217 343 232 ‘⁴
360 213 438 250 Hic
457 213 684 251 incredibilis
703 226 828 250 rerum
847 212 946 250 sama
965 215 1122 263 occupat
1142 227 1259 259 aures,

271 267 485 304 Priamiden
508 266 699 303 Helenum
719 266 851 303 Graias
870 279 1024 316 regnare
1043 279 1108 316 per
1126 267 1248 313 urbes,

271 319 455 369 Conjugio
475 319 637 356 AEacidae
659 319 798 368 Pyrrhi
817 319 1045 369 sceptrisque
1064 320 1231 369 potitum
1247 336 1254 365 ;

270 373 324 409 Et
343 373 466 422 patrio
485 372 775 408 Andromachen
794 371 933 408 iterum
953 371 1104 409 cessisse
1123 373 1273 410 marito.

270 425 481 476 Obstupui,
509 425 677 473 miroque
695 425 889 462 incensum
909 426 1041 474 pectus
1060 438 1186 462 amore

270 478 502 528 Compellare
520 478 655 523 virum,
675 480 714 514 et
733 490 839 514 casus
859 490 1080 527 cognoscere
1098 480 1240 515 tantos.

270 531 496 581 Progredior
515 533 638 580 portii,
659 530 792 567 classes
812 532 850 567 et
869 530 983 567 litora
1000 530 1197 578 linquens;

271 585 461 621 Solemnes
483 597 597 632 quum
618 584 715 621 forte
735 584 846 633 dapes
866 585 904 620 et
923 583 1051 620 tristia
1068 583 1176 629 dona,

272 638 374 673 Ante
393 637 525 673 urbem
544 637 582 673 in
603 637 698 682 luco,
718 636 801 673 salsi
821 636 1026 673 Simoentis
1045 636 1093 672 ad
1110 636 1262 681 undam,

272 690 433 727 Libabat
453 690 568 727 cineri
587 690 862 735 Andromache,
882 702 1084 739 manesque
1105 689 1263 726 vocabat

272 1536 509 1575 Hectoreum
529 1538 576 1576 ad
593 1538 797 1585 tumulum,
815 1538 927 1576 viridi
946 1552 1057 1589 quem
1077 1537 1215 1587 cespite
1234 1537 1395 1583 inanem,

273 1591 328 1628 Et
347 1591 527 1641 geminas,
548 1605 697 1629 causam
716 1592 890 1638 lacrimis,
910 1593 1119 1629 sacraverat
1138 1603 1230 1627 aras.

273 1643 331 1681 Ut
349 1657 410 1682 me
429 1645 622 1694 conspexit
641 1645 867 1691 venientem,
887 1647 926 1682 et
946 1644 1062 1681 Troia
1081 1643 1221 1681 circum

273 1698 392 1734 Arma
410 1711 537 1735 amens
556 1698 664 1744 vidit,
684 1699 832 1748 magnis
851 1697 1031 1735 exterrita
1049 1697 1228 1734 monstris

273 1750 452 1800 Deriguit
470 1750 554 1787 visu
571 1751 612 1788 in
630 1752 753 1788 medio
769 1768 776 1798 ;
806 1750 906 1788 calor
925 1764 1008 1788 ossa
1025 1749 1177 1799 reliquit
1192 1766 1200 1796 3

273 1803 444 1849 Labitur,
464 1806 502 1841 et
521 1804 635 1854 longo
654 1804 717 1841 vix
736 1804 892 1842 tandem
909 1805 1079 1853 tempore
1098 1803 1221 1840 fatur:

274 1858 282 1874 ‘
298 1855 443 1893 Verane
461 1859 501 1893 te
520 1857 641 1903 facies,
660 1870 771 1894 verus
790 1857 885 1893 mihi
903 1857 1062 1894 nuncius
1082 1856 1202 1900 affers,

274 1908 377 1946 Nate
396 1909 494 1947 dea?
522 1910 665 1947 vivisne
680 1909 697 1947 ἲ
727 1912 793 1947 aut
813 1910 844 1947 si
861 1910 927 1946 lux
945 1909 1044 1946 alma
1060 1909 1226 1954 recessit,

274 1961 422 1998 Hector
440 1962 503 1999 ubi
523 1965 580 2000 est
595 1963 624 2001 Υ
656 1963 764 2009 dixit,
782 1962 1028 2013 lacrimasque
1047 1961 1192 2006 effudit,
1211 1963 1250 1998 et
1269 1973 1418 1998 omnem

275 2013 457 2062 Implevit
476 2015 634 2053 clamore
653 2016 789 2053 locum.
846 2015 921 2052 Vix
938 2028 1057 2065 pauca
1074 2014 1215 2051 furenti

276 2066 450 2116 Subjicio,
470 2070 508 2104 et
527 2068 618 2105 raris
637 2068 813 2105 turbatus
831 2068 985 2105 vocibus
1003 2068 1128 2104 hisco:

276 2122 284 2138 ‘
297 2119 395 2157 Vivo
415 2120 596 2169 equidem,
616 2121 809 2170 vitamque
827 2123 996 2158 extrema
1013 2133 1078 2170 per
1096 2118 1222 2157 omnia
1239 2118 1346 2155 duco.

275 2172 337 2209 Ne
356 2172 508 2210 dubita:
536 2187 625 2210 nam
643 2186 731 2210 vera
748 2173 864 2210 vides.

275 2225 386 2262 Heu!
416 2225 498 2276 quis
516 2227 556 2263 te
574 2240 679 2263 casus
699 2225 882 2275 dejectam
901 2225 1057 2274 conjuge
1076 2226 1186 2261 tanto

275 2278 429 2328 Excipit
444 2278 462 2316 Ρ
489 2281 556 2316 aut
574 2292 657 2329 quae
676 2279 791 2329 digna
809 2278 899 2315 satis
918 2278 1070 2314 fortuna
1087 2277 1217 2314 revisit
1233 2275 1250 2314 Ῥ

275 2330 455 2369 Hectoris
473 2332 737 2369 Andromache
756 2331 934 2381 Pyrrhin’
955 2330 1142 2368 connubia
1159 2343 1282 2367 servas
1297 2328 1327 2366 ?’

275 2383 424 2434 Dejecit
443 2384 603 2430 vultum,
623 2387 662 2422 et
681 2384 842 2422 demissa
858 2397 948 2421 voce
966 2383 1093 2421 locuta
1111 2385 1189 2420 est:

277 2441 284 2455 ‘
299 2437 331 2473 O
351 2437 439 2474 felix
456 2451 531 2475 una
549 2440 637 2475 ante
655 2438 744 2475 alias
764 2437 950 2474 Priameia
967 2437 1085 2487 virgo,

276 2490 470 2528 Hostilem
490 2491 537 2528 ad
554 2491 746 2528 tumulum
765 2490 886 2540 Trojae
905 2490 974 2527 sub
993 2489 1179 2526 moenibus
1199 2488 1285 2526 altis

276 2543 392 2580 Jussa
409 2543 516 2590 mori,
536 2557 616 2593 quae
635 2544 792 2582 sortitus
811 2557 887 2581 non
906 2542 1063 2593 pertulit
1082 2542 1189 2589 111105,

275 2596 358 2634 Nec
377 2596 530 2634 victoris
549 2597 630 2635 heri
648 2597 780 2647 tetigit
800 2596 948 2647 captiva
966 2595 1106 2633 cubile!
