1705 2744
264 119 341 156 186
675 128 709 155 1³.
729 128 915 156 vmeILn
934 128 1122 157 MARoms

265 223 380 261 Certa
397 223 505 266 mori,
523 223 700 273 varioque
718 224 859 262 irarum
877 224 1038 262 fluctuat
1058 227 1168 262 aestu.

265 276 356 314 Non
375 276 476 326 fugis
494 276 583 314 hine
602 289 777 327 praeceps,
797 278 888 314 dum
906 277 1140 328 praecipitare
1158 279 1326 327 potestas
1342 276 1358 314 Ρ

266 329 294 366 J
296 342 357 366 am
376 342 478 367 mare
496 330 641 367 turbari
658 330 841 376 trabibus,
861 343 1051 381 saevasque
1068 331 1211 368 videbis

266 381 457 420 Collucere
476 382 584 428 faces,
598 383 679 433 jam
698 382 838 421 fervere
856 383 969 420 litora
986 384 1159 429 flammis,

265 435 306 472 Si
323 438 363 473 te
382 435 441 472 his
460 435 633 485 attigerit
651 436 762 473 terris
781 437 929 473 Aurora
946 439 1170 474 morantem.

266 488 339 525 Eia
357 501 437 539 age,
456 501 588 538 rumpe
606 502 741 526 moras.
796 488 955 526 Varium
974 492 1013 526 et
1031 489 1214 527 mutabile
1233 502 1379 540 semper

266 541 464 579 Femina.”
522 541 582 578 Sic
601 541 702 579 fatus
720 541 825 579 nocti
845 555 883 579 se
901 542 1108 579 immiscuit
1127 544 1231 580 atrae.

319 594 419 631 Tum
437 607 525 632 vero
544 594 684 632 AEneas
704 594 839 632 subitis
858 594 1060 632 exterritus
1079 595 1223 633 umbris

267 646 433 697 Corripit
452 660 471 684 e
491 660 622 685 somno
641 661 786 698 corpuS‚
806 647 997 698 sociosque
1016 648 1154 698 fatigat
1171 664 1178 685 :

266 703 287 719 “
302 700 521 750 Praecipites
539 700 705 750 vigilate,
724 701 807 746 viri,
827 703 866 738 et
884 700 1067 738 considite
1085 701 1262 738 transtris
1277 717 1285 747 ;

267 752 411 790 Solvite
429 753 512 790 vela
530 753 608 791 citi.
663 753 768 791 Deus
787 754 928 791 aethere
947 753 1083 791 missus
1103 754 1149 791 ab
1169 755 1258 800 alto,

267 805 464 843 Festinare
483 806 624 856 fugam,
643 808 840 856 tortosque
858 806 1019 844 incidere
1037 807 1157 853 funes,

266 859 365 896 Ecce
383 859 523 896 iterum
542 859 725 897 stimulat.
781 860 979 909 Sequimur
996 862 1048 906 te,
1067 862 1195 897 sancte
1214 859 1380 904 deorum,

266 911 443 961 Quisquis
462 925 512 958 es,
530 912 760 963 imperioque
777 913 917 950 iterum
935 926 1108 962 paremus
1127 916 1293 951 ovantes.

265 965 379 1001 Adsis
398 978 431 1011 o,
450 965 691 1015 placidusque
703 966 824 1016 juves,
845 968 883 1003 et
902 966 1023 1003 sidera
1040 966 1133 1003 coelo

265 1017 413 1055 Dextra
430 1018 565 1056 feras.''
622 1019 755 1065 Dixit3
782 1019 992 1069 vaginaque
1011 1019 1122 1069 eripit
1141 1031 1267 1056 ensem

265 1070 519 1118 Fulmineum,
539 1071 746 1121 strictoque
764 1072 851 1109 ferit
870 1072 1076 1109 retinacula
1094 1072 1203 1110 ferro.

264 1123 375 1161 Idem
394 1125 515 1162 omnis
534 1125 646 1162 simul
664 1126 773 1163 ardor
792 1125 929 1171 habet3
955 1125 1181 1175 rapiuntque
1199 1128 1412 1173 ruuntque:

264 1175 398 1214 Litora
416 1178 630 1225 deseruere3
656 1178 752 1216 latet
771 1179 840 1215 sub
859 1178 1038 1215 classibus
1057 1191 1206 1227 aequor;

264 1230 405 1267 Annixi
424 1233 604 1281 torquent
623 1245 786 1281 spumas,
805 1234 843 1269 et
863 1231 998 1269 caerula
1016 1234 1229 1280 verruntf«¹

318 2127 372 2165 Et
385 2127 466 2178 jam
484 2128 606 2178 prima
624 2142 721 2166 novo
741 2129 940 2179 spargebat
960 2128 1101 2166 lumine
1119 2131 1238 2166 terras

265 2181 421 2218 Tithoni
440 2195 611 2219 croceum
629 2182 803 2231 linquens
822 2183 970 2219 Aurora
988 2182 1120 2219 cubile.

266 2234 415 2284 Regina
433 2248 452 2271 e
472 2235 630 2284 speculis
649 2237 694 2271 ut
712 2235 877 2284 primum
897 2235 1080 2272 albescere
1098 2234 1219 2272 lucem

265 2286 385 2334 Vidit,
405 2289 443 2325 et
463 2287 620 2336 aequatis
639 2287 794 2324 classem
813 2288 1009 2337 procedere
1027 2287 1131 2333 velis,

266 2339 472 2390 Litoraque
491 2343 530 2377 et
548 2354 685 2378 vacuos
705 2340 822 2377 sensit
841 2340 920 2378 sine
938 2341 1079 2391 remige
1097 2343 1241 2391 portus,

265 2393 411 2442 Terque
431 2395 636 2443 quaterque
654 2406 770 2430 manu
789 2396 920 2443 pectus
939 2407 1114 2443 percussa
1133 2394 1321 2439 decorum,

267 2446 542 2496 Flaventesque
562 2446 724 2484 abscissa
741 2460 877 2492 comas,
897 2450 918 2465 ‘⁴
933 2446 1008 2484 Pro
1028 2447 1202 2496 Jupiter!
1229 2447 1301 2484 ibit

266 2499 382 2545 Hic‚'’
404 2499 469 2546 ait,
490 2502 562 2536 “et
582 2500 721 2536 nostris
739 2499 898 2537 illuserit
917 2499 1059 2537 advena
1078 2499 1233 2550 regnis?

257 2552 356 2603 *Non
376 2565 480 2589 arma
497 2553 706 2602 expedient,
725 2555 882 2602 totaque
901 2566 945 2590 ex
963 2553 1055 2591 urbe
1074 2557 1288 2604 sequentur,

264 2603 538 2655 Deripientque
557 2608 656 2643 rates
676 2605 739 2643 alii
755 2605 984 2643 navalibus?
1040 2605 1114 2653 Ite,
