1705 2744
689 51 880 79 AENEIDOS
899 51 984 78 LLB.
1005 50 1064 79 VI.

236 147 400 186 Informi
417 147 510 186 limo
529 147 738 198 glaucaque
757 146 914 198 exponit
932 146 974 184 in
991 145 1092 184 ulva.

293 1058 478 1097 Cerberus
496 1058 577 1096 haec
595 1058 730 1108 ingens
749 1055 894 1094 latratu
912 1069 1030 1106 regna
1047 1055 1200 1093 trifauci

239 1112 438 1159 Personat⁷
458 1112 615 1150 adverso
634 1110 818 1148 recubans
837 1109 1015 1147 immanis
1034 1109 1074 1146 in
1094 1112 1217 1147 antro.

238 1166 311 1204 Cui
329 1169 448 1212 vates,
466 1166 619 1204 horrere
637 1164 770 1202 videns
784 1163 867 1214 jam
886 1163 981 1200 eolla
999 1163 1175 1208 colubris,

239 1220 358 1258 Melle
377 1223 595 1270 soporatam
615 1221 654 1256 et
673 1217 871 1255 medicatis
890 1216 1063 1266 frugibus
1083 1217 1199 1253 offam

239 1273 394 1324 Objieit.
451 1273 523 1310 Ille
541 1273 641 1310 fame
659 1271 790 1309 rabida
808 1271 884 1308 tria
902 1274 1065 1321 guttura
1082 1270 1252 1320 pandens

239 1326 407 1378 Corripit
427 1326 629 1377 objectam,
649 1328 763 1376 atque
782 1324 964 1362 immania
982 1326 1093 1374 terga
1111 1324 1266 1361 resolvit

239 1380 366 1418 Fusus
384 1381 505 1427 humi,
523 1383 685 1430 totoque
704 1380 838 1429 ingens
858 1378 1078 1416 extenditur
1097 1380 1219 1415 antro.

237 1434 412 1484 Occupat
432 1434 573 1472 AEneas
592 1434 741 1471 aditum
762 1432 919 1470 custode
938 1431 1099 1481 sepulto,

238 1487 458 1538 Evaditque
477 1488 575 1525 celer
592 1487 714 1537 ripam
732 1485 978 1524 irremeabilis
997 1485 1121 1522 undae.

241 1540 435 1578 Continuo
455 1541 597 1578 auditae
616 1554 739 1587 voces,
758 1540 912 1590 vagitus
932 1541 972 1576 et
990 1539 1125 1589 ingens

241 1593 518 1644 Infantumque
537 1595 671 1632 animae
690 1594 836 1639 flentes,
855 1593 896 1630 in
914 1592 1044 1629 limine
1063 1592 1208 1642 primo:

242 1647 346 1694 Quos
365 1648 485 1685 dulcis
503 1648 597 1685 vitae
616 1650 795 1693 exsortes,
815 1649 855 1684 et
874 1646 921 1683 ab
941 1646 1054 1683 ubere
1073 1649 1215 1694 raptos,

241 1700 419 1738 Abstulit
438 1704 522 1738 atra
540 1701 631 1747 dies,
650 1703 690 1738 et
708 1701 839 1737 sunere
858 1699 992 1737 mersit
1011 1699 1156 1736 acerbo.

241 1754 329 1792 Hos
342 1754 457 1805 juxta
474 1754 569 1791 falso
588 1754 760 1791 damnati
780 1752 936 1791 erimine
954 1752 1102 1789 mortis.

241 1808 283 1844 N
284 1821 326 1845 eo
344 1821 433 1845 vero
452 1808 511 1845 hae
531 1808 611 1845 sine
630 1810 731 1845 sorte
751 1807 866 1852 datae,
887 1806 967 1843 sine
981 1805 1120 1855 judice,
1140 1804 1258 1842 sedes.

241 1861 434 1908 Quaesitor
453 1861 584 1898 Minos
603 1874 740 1898 urnam
759 1862 911 1906 movet3
939 1859 1002 1896 ille
1021 1858 1203 1896 silentum

242 1915 530 1964 Conciliumque
549 1917 673 1960 vocat,
692 1914 866 1964 vitasque
885 1915 925 1950 et
944 1912 1104 1950 crimina
1121 1912 1246 1949 discit.

296 1968 477 2006 Proxima
495 1968 630 2005 deinde
648 1970 784 2005 tenent
804 1966 933 2004 maesti
950 1966 1043 2012 loca,
1063 1965 1129 2016 qui
1148 1965 1220 2003 sibi
1238 1965 1361 2003 letum

242 2022 422 2060 Insontes
437 2035 613 2072 peperere
632 2035 760 2067 manu,
780 2021 978 2070 lucemque
996 2019 1122 2069 perosi

242 2075 438 2126 Projecere
457 2075 614 2113 animas.
671 2075 794 2122 Quam
812 2073 957 2111 vellent
978 2073 1121 2110 aethere
1139 2072 1180 2109 in
1199 2072 1278 2110 alto

242 2129 283 2166 N
286 2143 358 2167 unc
373 2132 412 2167 et
431 2129 648 2180 pauperiem
667 2131 706 2166 et
726 2129 839 2165 duros
858 2127 1020 2178 perferre
1038 2126 1184 2164 labores
1199 2127 1206 2164 l

243 2182 318 2220 Fas
338 2183 480 2229 obstat,
499 2183 677 2232 tristique
695 2182 805 2232 palus
823 2180 1036 2218 inamabilis
1055 2180 1159 2217 unda

242 2236 401 2287 Affigass,
421 2239 461 2274 et
479 2236 608 2274 novies
629 2236 728 2286 Styx
745 2235 931 2273 interfusa
949 2236 1110 2272 coercet.

243 2289 326 2327 Nec
345 2290 476 2340 procul
493 2290 584 2328 hino
602 2292 752 2340 partem
770 2289 845 2326 fusi
864 2290 1129 2325 monstrantur
1147 2287 1187 2324 in
1207 2299 1359 2324 omnem

243 2341 439 2393 Lug-entes
458 2344 583 2394 campi
599 2360 607 2390 ;
635 2343 688 2381 sie
706 2343 792 2380 illos
810 2342 964 2380 nomine
984 2341 1129 2379 dicunt.

243 2395 334 2442 Hie,
354 2410 447 2446 quos
467 2397 583 2435 durus
603 2410 708 2435 amor
727 2395 869 2434 crudeli
887 2395 976 2433 tabe
994 2393 1153 2444 peredit,

245 2448 387 2487 Seereti
405 2451 530 2488 celant
548 2450 672 2496 ealles,
692 2453 731 2488 et
750 2452 901 2501 myrtea
919 2448 1061 2486 circum

245 2501 349 2539 Silva
365 2504 489 2554 tegit;
517 2518 619 2542 curae
639 2518 716 2541 non
734 2503 818 2553 ipsa
834 2503 875 2539 in
894 2504 1018 2539 morte
1037 2500 1270 2551 relinquunt.

246 2554 322 2592 His
341 2556 547 2595 Phaedram
566 2557 780 2608 Procinque
798 2555 903 2603 locis,
921 2557 1173 2605 maestamque
1192 2552 1406 2605 Eriphylen

1439 41 1518 79 231
