<?xml version="1.0" encoding="UTF-8"?>
<!DOCTYPE html PUBLIC "-//W3C//DTD XHTML 1.0 Transitional//EN"
    "http://www.w3.org/TR/xhtml1/DTD/xhtml1-transitional.dtd">
<html xmlns="http://www.w3.org/1999/xhtml" xml:lang="en" lang="en">
 <head>
  <title>
</title>
<meta http-equiv="Content-Type" content="text/html;charset=utf-8" />
  <meta name='ocr-system' content='tesseract 3.04.00' />
  <meta name='ocr-capabilities' content='ocr_page ocr_carea ocr_par ocr_line ocrx_word'/>
</head>
<body>
  <div class='ocr_page' id='page_1' title='image "./worksfromtextofh00virguoft_0243.png"; bbox 0 0 1705 2744; ppageno 0'>
   <div class='ocr_carea' id='block_1_1' title="bbox 634 41 1445 93">
    <p class='ocr_par' dir='ltr' id='par_1_1' title="bbox 634 41 1445 93">
     <span class='ocr_line' id='line_1_1' title="bbox 634 41 1445 93; baseline -0.004 0"><span class='ocrx_word' id='word_1_1' title='bbox 634 64 823 93; x_wconf 72' lang='lat' dir='ltr'>AENnmos</span> <span class='ocrx_word' id='word_1_2' title='bbox 843 41 925 91; x_wconf 68' lang='grc' dir='ltr'>ΠΒ.</span> <span class='ocrx_word' id='word_1_3' title='bbox 945 64 984 90; x_wconf 81' lang='lat' dir='ltr'>v.</span> <span class='ocrx_word' id='word_1_4' title='bbox 1366 53 1445 91; x_wconf 86' lang='lat'>209</span> 
     </span>
    </p>
   </div>
   <div class='ocr_carea' id='block_1_2' title="bbox 171 157 1238 696">
    <p class='ocr_par' dir='ltr' id='par_1_2' title="bbox 173 157 1238 319">
     <span class='ocr_line' id='line_1_2' title="bbox 174 157 1230 215; baseline -0.008 -12"><span class='ocrx_word' id='word_1_5' title='bbox 174 164 408 215; x_wconf 84' lang='lat' dir='ltr'>Impediunt,</span> <span class='ocrx_word' id='word_1_6' title='bbox 427 174 644 214; x_wconf 76' lang='lat' dir='ltr'>pugnaeque</span> <span class='ocrx_word' id='word_1_7' title='bbox 663 160 764 198; x_wconf 88' lang='lat' dir='ltr'>cient</span> <span class='ocrx_word' id='word_1_8' title='bbox 783 158 985 198; x_wconf 88' lang='lat' dir='ltr'>simulacra</span> <span class='ocrx_word' id='word_1_9' title='bbox 1003 158 1073 196; x_wconf 91' lang='lat' dir='ltr'>sub</span> <span class='ocrx_word' id='word_1_10' title='bbox 1093 157 1207 196; x_wconf 85' lang='lat' dir='ltr'>armis</span> <span class='ocrx_word' id='word_1_11' title='bbox 1222 174 1230 196; x_wconf 93' lang='lat'><strong>:</strong></span> 
     </span>
     <span class='ocr_line' id='line_1_3' title="bbox 173 212 1238 267; baseline -0.007 -11"><span class='ocrx_word' id='word_1_12' title='bbox 173 219 229 256; x_wconf 87' lang='lat' dir='ltr'>Et</span> <span class='ocrx_word' id='word_1_13' title='bbox 247 231 348 255; x_wconf 90' lang='lat' dir='ltr'>nunc</span> <span class='ocrx_word' id='word_1_14' title='bbox 366 220 476 267; x_wconf 86' lang='lat' dir='ltr'>terga</span> <span class='ocrx_word' id='word_1_15' title='bbox 492 216 585 265; x_wconf 86' lang='lat' dir='ltr'>fuga</span> <span class='ocrx_word' id='word_1_16' title='bbox 602 214 770 260; x_wconf 83' lang='lat' dir='ltr'>nudant3</span> <span class='ocrx_word' id='word_1_17' title='bbox 797 226 899 250; x_wconf 89' lang='lat' dir='ltr'>nunc</span> <span class='ocrx_word' id='word_1_18' title='bbox 919 212 1062 263; x_wconf 81' lang='lat' dir='ltr'>spicula</span> <span class='ocrx_word' id='word_1_19' title='bbox 1079 214 1238 250; x_wconf 87' lang='lat' dir='ltr'>vertunt</span> 
     </span>
     <span class='ocr_line' id='line_1_4' title="bbox 173 266 1060 319; baseline -0.008 -10"><span class='ocrx_word' id='word_1_20' title='bbox 173 271 342 318; x_wconf 79' lang='lat' dir='ltr'>Infensi3</span> <span class='ocrx_word' id='word_1_21' title='bbox 369 271 471 308; x_wconf 82' lang='lat' dir='ltr'>facta</span> <span class='ocrx_word' id='word_1_22' title='bbox 487 268 628 319; x_wconf 85' lang='lat' dir='ltr'>pariter</span> <span class='ocrx_word' id='word_1_23' title='bbox 646 281 747 304; x_wconf 88' lang='lat' dir='ltr'>nunc</span> <span class='ocrx_word' id='word_1_24' title='bbox 765 279 856 317; x_wconf 85' lang='lat' dir='ltr'>pace</span> <span class='ocrx_word' id='word_1_25' title='bbox 873 266 1060 303; x_wconf 86' lang='lat' dir='ltr'>feruntur.</span> 
     </span>
    </p>

    <p class='ocr_par' dir='ltr' id='par_1_3' title="bbox 173 318 1153 423">
     <span class='ocr_line' id='line_1_5' title="bbox 175 318 1153 375; baseline -0.007 -12"><span class='ocrx_word' id='word_1_26' title='bbox 175 325 232 362; x_wconf 87' lang='lat' dir='ltr'>Ut</span> <span class='ocrx_word' id='word_1_27' title='bbox 251 324 442 375; x_wconf 88' lang='lat' dir='ltr'>quondam</span> <span class='ocrx_word' id='word_1_28' title='bbox 461 322 576 359; x_wconf 85' lang='lat' dir='ltr'>Creta</span> <span class='ocrx_word' id='word_1_29' title='bbox 592 321 714 359; x_wconf 84' lang='lat' dir='ltr'>fertur</span> <span class='ocrx_word' id='word_1_30' title='bbox 732 319 996 370; x_wconf 70' lang='lat' dir='ltr'><strong>Labyrinthus</strong></span> <span class='ocrx_word' id='word_1_31' title='bbox 1015 319 1056 356; x_wconf 90' lang='lat' dir='ltr'>in</span> <span class='ocrx_word' id='word_1_32' title='bbox 1075 318 1153 357; x_wconf 88' lang='lat' dir='ltr'>alta</span> 
     </span>
     <span class='ocr_line' id='line_1_6' title="bbox 173 373 1084 423; baseline -0.008 -7"><span class='ocrx_word' id='word_1_33' title='bbox 173 378 388 416; x_wconf 76' lang='lat' dir='ltr'>Parietibus</span> <span class='ocrx_word' id='word_1_34' title='bbox 407 378 559 414; x_wconf 76' lang='lat' dir='ltr'>textum</span> <span class='ocrx_word' id='word_1_35' title='bbox 577 374 681 412; x_wconf 86' lang='lat' dir='ltr'>caecis</span> <span class='ocrx_word' id='word_1_36' title='bbox 700 374 785 420; x_wconf 83' lang='lat' dir='ltr'>iter,</span> <span class='ocrx_word' id='word_1_37' title='bbox 804 373 1084 423; x_wconf 85' lang='lat' dir='ltr'>ancipitemque</span> 
     </span>
    </p>

    <p class='ocr_par' dir='ltr' id='par_1_4' title="bbox 172 425 1139 533">
     <span class='ocr_line' id='line_1_7' title="bbox 172 425 1139 478; baseline -0.006 -9"><span class='ocrx_word' id='word_1_38' title='bbox 172 431 283 469; x_wconf 89' lang='lat' dir='ltr'>Mille</span> <span class='ocrx_word' id='word_1_39' title='bbox 296 431 367 468; x_wconf 84' lang='lat' dir='ltr'>viis</span> <span class='ocrx_word' id='word_1_40' title='bbox 385 429 560 467; x_wconf 87' lang='lat' dir='ltr'>habuisse</span> <span class='ocrx_word' id='word_1_41' title='bbox 579 427 719 474; x_wconf 90' lang='lat' dir='ltr'>dolum,</span> <span class='ocrx_word' id='word_1_42' title='bbox 739 440 813 478; x_wconf 89' lang='lat' dir='ltr'>qua</span> <span class='ocrx_word' id='word_1_43' title='bbox 831 426 940 477; x_wconf 84' lang='lat' dir='ltr'>signa</span> <span class='ocrx_word' id='word_1_44' title='bbox 959 425 1139 475; x_wconf 85' lang='lat' dir='ltr'>sequendi</span> 
     </span>
     <span class='ocr_line' id='line_1_8' title="bbox 172 479 1056 533; baseline -0.007 -11"><span class='ocrx_word' id='word_1_45' title='bbox 172 485 339 522; x_wconf 84' lang='lat' dir='ltr'>Falleret</span> <span class='ocrx_word' id='word_1_46' title='bbox 357 483 601 533; x_wconf 82' lang='lat' dir='ltr'>indeprensus</span> <span class='ocrx_word' id='word_1_47' title='bbox 621 483 660 519; x_wconf 91' lang='lat' dir='ltr'>et</span> <span class='ocrx_word' id='word_1_48' title='bbox 678 479 922 519; x_wconf 84' lang='lat' dir='ltr'>irremeabilis</span> <span class='ocrx_word' id='word_1_49' title='bbox 942 493 1056 517; x_wconf 90' lang='lat' dir='ltr'>error.</span> 
     </span>
    </p>

    <p class='ocr_par' dir='ltr' id='par_1_5' title="bbox 171 533 1201 696">
     <span class='ocr_line' id='line_1_9' title="bbox 171 533 1002 584; baseline -0.007 -8"><span class='ocrx_word' id='word_1_50' title='bbox 171 538 293 576; x_wconf 85' lang='lat' dir='ltr'>Haud</span> <span class='ocrx_word' id='word_1_51' title='bbox 311 537 383 575; x_wconf 89' lang='lat' dir='ltr'>alio</span> <span class='ocrx_word' id='word_1_52' title='bbox 402 536 590 574; x_wconf 84' lang='lat' dir='ltr'>Teucrum</span> <span class='ocrx_word' id='word_1_53' title='bbox 609 534 691 572; x_wconf 82' lang='lat' dir='ltr'>nati</span> <span class='ocrx_word' id='word_1_54' title='bbox 709 533 871 584; x_wconf 80' lang='lat' dir='ltr'>vestigia</span> <span class='ocrx_word' id='word_1_55' title='bbox 889 546 1002 571; x_wconf 90' lang='lat' dir='ltr'>cursu</span> 
     </span>
     <span class='ocr_line' id='line_1_10' title="bbox 172 585 1104 642; baseline -0.006 -13"><span class='ocrx_word' id='word_1_56' title='bbox 172 591 407 642; x_wconf 83' lang='lat' dir='ltr'>Impediunt,</span> <span class='ocrx_word' id='word_1_57' title='bbox 425 591 637 639; x_wconf 85' lang='lat' dir='ltr'>texuntque</span> <span class='ocrx_word' id='word_1_58' title='bbox 655 588 765 639; x_wconf 86' lang='lat' dir='ltr'>fugas</span> <span class='ocrx_word' id='word_1_59' title='bbox 785 590 823 625; x_wconf 92' lang='lat' dir='ltr'>et</span> <span class='ocrx_word' id='word_1_60' title='bbox 841 587 974 637; x_wconf 84' lang='lat' dir='ltr'>proelia</span> <span class='ocrx_word' id='word_1_61' title='bbox 991 585 1104 632; x_wconf 89' lang='lat' dir='ltr'>ludo;</span> 
     </span>
     <span class='ocr_line' id='line_1_11' title="bbox 171 638 1201 696; baseline -0.006 -14"><span class='ocrx_word' id='word_1_62' title='bbox 171 644 408 696; x_wconf 85' lang='lat' dir='ltr'>Delphinum</span> <span class='ocrx_word' id='word_1_63' title='bbox 427 643 578 689; x_wconf 85' lang='lat' dir='ltr'>similes,</span> <span class='ocrx_word' id='word_1_64' title='bbox 597 641 663 692; x_wconf 90' lang='lat' dir='ltr'>qui</span> <span class='ocrx_word' id='word_1_65' title='bbox 680 655 747 692; x_wconf 89' lang='lat' dir='ltr'>per</span> <span class='ocrx_word' id='word_1_66' title='bbox 763 641 882 678; x_wconf 85' lang='lat' dir='ltr'>maria</span> <span class='ocrx_word' id='word_1_67' title='bbox 900 639 1057 677; x_wconf 86' lang='lat' dir='ltr'>humida</span> <span class='ocrx_word' id='word_1_68' title='bbox 1075 638 1201 677; x_wconf 88' lang='lat' dir='ltr'>nando</span> 
     </span>
    </p>
   </div>
   <div class='ocr_carea' id='block_1_3' title="bbox 413 785 1090 791">
    <p class='ocr_par' dir='ltr' id='par_1_6' title="bbox 413 785 1090 791">
     <span class='ocr_line' id='line_1_12' title="bbox 413 785 1090 791; baseline 0 0"><span class='ocrx_word' id='word_1_69' title='bbox 413 785 1090 791; x_wconf 95' lang='lat' dir='ltr'> </span> 
     </span>
    </p>
   </div>
   <div class='ocr_carea' id='block_1_4' title="bbox 409 894 415 1415">
    <p class='ocr_par' dir='ltr' id='par_1_7' title="bbox 409 894 415 1415">
     <span class='ocr_line' id='line_1_13' title="bbox 409 894 415 1415; baseline 0 0"><span class='ocrx_word' id='word_1_70' title='bbox 409 894 415 1415; x_wconf 95' lang='lat' dir='ltr'> </span> 
     </span>
    </p>
   </div>
   <div class='ocr_carea' id='block_1_5' title="bbox 404 815 1203 1458">
    <p class='ocr_par' dir='ltr' id='par_1_8' title="bbox 404 815 1203 1458">
     <span class='ocr_line' id='line_1_14' title="bbox 404 815 1203 1458; baseline 0 1286"><span class='ocrx_word' id='word_1_71' title='bbox 404 815 1203 1458; x_wconf 95' lang='lat' dir='ltr'> </span> 
     </span>
    </p>
   </div>
   <div class='ocr_carea' id='block_1_6' title="bbox 412 1415 1194 1422">
    <p class='ocr_par' dir='ltr' id='par_1_9' title="bbox 412 1415 1194 1422">
     <span class='ocr_line' id='line_1_15' title="bbox 412 1415 1194 1422; baseline 0 0"><span class='ocrx_word' id='word_1_72' title='bbox 412 1415 1194 1422; x_wconf 95' lang='lat' dir='ltr'> </span> 
     </span>
    </p>
   </div>
   <div class='ocr_carea' id='block_1_7' title="bbox 25 1546 1340 2398">
    <p class='ocr_par' dir='ltr' id='par_1_10' title="bbox 25 1546 1340 2398">
     <span class='ocr_line' id='line_1_16' title="bbox 171 1546 1340 1600; baseline -0.001 -14"><span class='ocrx_word' id='word_1_73' title='bbox 171 1547 423 1599; x_wconf 83' lang='lat' dir='ltr'>Carpathium</span> <span class='ocrx_word' id='word_1_74' title='bbox 436 1548 700 1600; x_wconf 78' lang='lat' dir='ltr'>Libycumque</span> <span class='ocrx_word' id='word_1_75' title='bbox 715 1551 844 1586; x_wconf 84' lang='lat' dir='ltr'>secant</span> <span class='ocrx_word' id='word_1_76' title='bbox 862 1547 1093 1599; x_wconf 71' lang='lat' dir='ltr'>[luduntque</span> <span class='ocrx_word' id='word_1_77' title='bbox 1107 1561 1174 1598; x_wconf 82' lang='lat' dir='ltr'>per</span> <span class='ocrx_word' id='word_1_78' title='bbox 1187 1546 1340 1597; x_wconf 89' lang='lat' dir='ltr'>undas.]</span> 
     </span>
     <span class='ocr_line' id='line_1_17' title="bbox 170 1601 1335 1652; baseline 0 -14"><span class='ocrx_word' id='word_1_79' title='bbox 170 1601 290 1639; x_wconf 89' lang='lat' dir='ltr'>Hunc</span> <span class='ocrx_word' id='word_1_80' title='bbox 308 1615 464 1648; x_wconf 72' lang='lat' dir='ltr'>morem,</span> <span class='ocrx_word' id='word_1_81' title='bbox 482 1602 552 1640; x_wconf 93' lang='lat' dir='ltr'>hos</span> <span class='ocrx_word' id='word_1_82' title='bbox 572 1616 713 1649; x_wconf 76' lang='lat' dir='ltr'>cursus,</span> <span class='ocrx_word' id='word_1_83' title='bbox 733 1605 847 1652; x_wconf 83' lang='lat' dir='ltr'>atque</span> <span class='ocrx_word' id='word_1_84' title='bbox 865 1603 946 1640; x_wconf 86' lang='lat' dir='ltr'>haec</span> <span class='ocrx_word' id='word_1_85' title='bbox 966 1601 1173 1640; x_wconf 85' lang='lat' dir='ltr'>certamina</span> <span class='ocrx_word' id='word_1_86' title='bbox 1190 1602 1335 1652; x_wconf 82' lang='lat' dir='ltr'>primus</span> 
     </span>
     <span class='ocr_line' id='line_1_18' title="bbox 169 1654 1198 1706; baseline 0.001 -15"><span class='ocrx_word' id='word_1_87' title='bbox 169 1654 369 1701; x_wconf 85' lang='lat' dir='ltr'>Ascanius,</span> <span class='ocrx_word' id='word_1_88' title='bbox 388 1654 564 1705; x_wconf 82' lang='lat' dir='ltr'>Longam</span> <span class='ocrx_word' id='word_1_89' title='bbox 582 1655 699 1692; x_wconf 89' lang='lat' dir='ltr'>muris</span> <span class='ocrx_word' id='word_1_90' title='bbox 720 1669 838 1706; x_wconf 89' lang='lat' dir='ltr'>quum</span> <span class='ocrx_word' id='word_1_91' title='bbox 857 1655 1026 1706; x_wconf 84' lang='lat' dir='ltr'>cingeret</span> <span class='ocrx_word' id='word_1_92' title='bbox 1046 1655 1198 1702; x_wconf 84' lang='lat' dir='ltr'>Albam,</span> 
     </span>
     <span class='ocr_line' id='line_1_19' title="bbox 169 1707 1106 1758; baseline 0.001 -14"><span class='ocrx_word' id='word_1_93' title='bbox 169 1707 335 1754; x_wconf 86' lang='lat' dir='ltr'>Retulit,</span> <span class='ocrx_word' id='word_1_94' title='bbox 355 1709 394 1745; x_wconf 85' lang='lat' dir='ltr'>et</span> <span class='ocrx_word' id='word_1_95' title='bbox 412 1708 554 1758; x_wconf 89' lang='lat' dir='ltr'>priscos</span> <span class='ocrx_word' id='word_1_96' title='bbox 573 1708 704 1746; x_wconf 88' lang='lat' dir='ltr'>docuit</span> <span class='ocrx_word' id='word_1_97' title='bbox 724 1709 912 1746; x_wconf 85' lang='lat' dir='ltr'>celebrare</span> <span class='ocrx_word' id='word_1_98' title='bbox 932 1708 1106 1754; x_wconf 81' lang='lat' dir='ltr'>Latinos,</span> 
     </span>
     <span class='ocr_line' id='line_1_20' title="bbox 170 1761 1130 1812; baseline 0.001 -15"><span class='ocrx_word' id='word_1_99' title='bbox 170 1761 254 1807; x_wconf 82' lang='lat' dir='ltr'>Quo</span> <span class='ocrx_word' id='word_1_100' title='bbox 273 1774 366 1811; x_wconf 84' lang='lat' dir='ltr'>puer</span> <span class='ocrx_word' id='word_1_101' title='bbox 384 1761 463 1811; x_wconf 85' lang='lat' dir='ltr'>ipse</span> <span class='ocrx_word' id='word_1_102' title='bbox 482 1761 607 1808; x_wconf 84' lang='lat' dir='ltr'>modo,</span> <span class='ocrx_word' id='word_1_103' title='bbox 627 1775 755 1799; x_wconf 85' lang='lat' dir='ltr'>secum</span> <span class='ocrx_word' id='word_1_104' title='bbox 774 1775 848 1812; x_wconf 90' lang='lat' dir='ltr'>quo</span> <span class='ocrx_word' id='word_1_105' title='bbox 867 1761 982 1799; x_wconf 73' lang='lat' dir='ltr'>Troia</span> <span class='ocrx_word' id='word_1_106' title='bbox 999 1761 1130 1811; x_wconf 87' lang='lat' dir='ltr'>pubes.</span> 
     </span>
     <span class='ocr_line' id='line_1_21' title="bbox 167 1814 1048 1865; baseline 0.001 -14"><span class='ocrx_word' id='word_1_107' title='bbox 167 1814 312 1851; x_wconf 85' lang='lat' dir='ltr'>Albani</span> <span class='ocrx_word' id='word_1_108' title='bbox 331 1814 489 1852; x_wconf 80' lang='lat' dir='ltr'>docuere</span> <span class='ocrx_word' id='word_1_109' title='bbox 508 1828 616 1861; x_wconf 84' lang='lat' dir='ltr'>suos3</span> <span class='ocrx_word' id='word_1_110' title='bbox 644 1815 734 1853; x_wconf 90' lang='lat' dir='ltr'>hinc</span> <span class='ocrx_word' id='word_1_111' title='bbox 753 1814 919 1852; x_wconf 75' lang='lat' dir='ltr'>maxima</span> <span class='ocrx_word' id='word_1_112' title='bbox 936 1828 1048 1865; x_wconf 83' lang='lat' dir='ltr'>porro</span> 
     </span>
     <span class='ocr_line' id='line_1_22' title="bbox 167 1867 1139 1918; baseline 0.001 -14"><span class='ocrx_word' id='word_1_113' title='bbox 167 1867 329 1917; x_wconf 89' lang='lat' dir='ltr'>Accepit</span> <span class='ocrx_word' id='word_1_114' title='bbox 349 1867 485 1914; x_wconf 83' lang='lat' dir='ltr'>Roma,</span> <span class='ocrx_word' id='word_1_115' title='bbox 505 1870 544 1905; x_wconf 85' lang='lat' dir='ltr'>et</span> <span class='ocrx_word' id='word_1_116' title='bbox 562 1868 731 1918; x_wconf 87' lang='lat' dir='ltr'>patrium</span> <span class='ocrx_word' id='word_1_117' title='bbox 750 1868 914 1906; x_wconf 81' lang='lat' dir='ltr'>servavit</span> <span class='ocrx_word' id='word_1_118' title='bbox 933 1868 1139 1915; x_wconf 81' lang='lat' dir='ltr'>honorem3</span> 
     </span>
     <span class='ocr_line' id='line_1_23' title="bbox 169 1920 1164 1972; baseline 0.002 -15"><span class='ocrx_word' id='word_1_119' title='bbox 169 1920 356 1971; x_wconf 85' lang='lat' dir='ltr'>Trojaque</span> <span class='ocrx_word' id='word_1_120' title='bbox 375 1934 487 1967; x_wconf 87' lang='lat' dir='ltr'>nunc,</span> <span class='ocrx_word' id='word_1_121' title='bbox 506 1921 614 1971; x_wconf 84' lang='lat' dir='ltr'>pueri</span> <span class='ocrx_word' id='word_1_122' title='bbox 632 1921 839 1972; x_wconf 84' lang='lat' dir='ltr'>Trojanum</span> <span class='ocrx_word' id='word_1_123' title='bbox 858 1921 998 1959; x_wconf 85' lang='lat' dir='ltr'>dicitur</span> <span class='ocrx_word' id='word_1_124' title='bbox 1016 1935 1164 1972; x_wconf 81' lang='lat' dir='ltr'>agmen.</span> 
     </span>
     <span class='ocr_line' id='line_1_24' title="bbox 25 1973 1102 2025; baseline 0.001 -14"><span class='ocrx_word' id='word_1_125' title='bbox 25 2018 27 2024; x_wconf 34' lang='grc' dir='ltr'>Ι</span> <span class='ocrx_word' id='word_1_126' title='bbox 168 1973 256 2025; x_wconf 67' lang='lat' dir='ltr'>I-Iac</span> <span class='ocrx_word' id='word_1_127' title='bbox 276 1974 464 2012; x_wconf 84' lang='lat' dir='ltr'>celebrata</span> <span class='ocrx_word' id='word_1_128' title='bbox 481 1976 593 2012; x_wconf 88' lang='lat' dir='ltr'>tenus</span> <span class='ocrx_word' id='word_1_129' title='bbox 613 1977 744 2012; x_wconf 89' lang='lat' dir='ltr'>sancto</span> <span class='ocrx_word' id='word_1_130' title='bbox 765 1975 972 2012; x_wconf 85' lang='lat' dir='ltr'>certamina</span> <span class='ocrx_word' id='word_1_131' title='bbox 989 1975 1102 2024; x_wconf 85' lang='lat' dir='ltr'>patri.</span> 
     </span>
     <span class='ocr_line' id='line_1_25' title="bbox 26 2025 1148 2146; baseline 0.002 -29"><span class='ocrx_word' id='word_1_132' title='bbox 26 2056 27 2087; x_wconf 69' lang='lat'><em>³</em></span> <span class='ocrx_word' id='word_1_133' title='bbox 41 2025 965 2146; x_wconf 31' lang='lat' dir='ltr'>&amp;effi{fflffmtrffleffiffiffi}</span> <span class='ocrx_word' id='word_1_134' title='bbox 978 2027 1148 2119; x_wconf 46' lang='lat' dir='ltr'>ffiff&#39;</span> 
     </span>
     <span class='ocr_line' id='line_1_26' title="bbox 1095 2112 1104 2129; baseline 0 0"><span class='ocrx_word' id='word_1_135' title='bbox 1095 2112 1104 2129; x_wconf 70' lang='lat'>7</span> 
     </span>
     <span class='ocr_line' id='line_1_27' title="bbox 29 2133 890 2189; baseline 0.002 -19"><span class='ocrx_word' id='word_1_136' title='bbox 29 2160 33 2189; x_wconf 42' lang='lat' dir='ltr'>x</span> <span class='ocrx_word' id='word_1_137' title='bbox 167 2133 266 2171; x_wconf 84' lang='lat' dir='ltr'>Irim</span> <span class='ocrx_word' id='word_1_138' title='bbox 285 2134 330 2172; x_wconf 88' lang='lat' dir='ltr'>de</span> <span class='ocrx_word' id='word_1_139' title='bbox 349 2134 443 2172; x_wconf 87' lang='lat' dir='ltr'>coelo</span> <span class='ocrx_word' id='word_1_140' title='bbox 462 2134 568 2172; x_wconf 86' lang='lat' dir='ltr'>misit</span> <span class='ocrx_word' id='word_1_141' title='bbox 588 2135 766 2172; x_wconf 87' lang='lat' dir='ltr'>Saturnia</span> <span class='ocrx_word' id='word_1_142' title='bbox 784 2134 813 2172; x_wconf 84' lang='lat' dir='ltr'><strong>J</strong></span> <span class='ocrx_word' id='word_1_143' title='bbox 815 2148 890 2172; x_wconf 91' lang='lat' dir='ltr'>uno</span> 
     </span>
     <span class='ocr_line' id='line_1_28' title="bbox 28 2186 1105 2276; baseline 0.002 -52"><span class='ocrx_word' id='word_1_144' title='bbox 28 2191 33 2276; x_wconf 67' lang='grc' dir='ltr'>ἱ</span> <span class='ocrx_word' id='word_1_145' title='bbox 168 2186 327 2225; x_wconf 78' lang='lat' dir='ltr'>Iliacam</span> <span class='ocrx_word' id='word_1_146' title='bbox 345 2188 393 2225; x_wconf 88' lang='lat' dir='ltr'>ad</span> <span class='ocrx_word' id='word_1_147' title='bbox 412 2187 580 2235; x_wconf 83' lang='lat' dir='ltr'>classem,</span> <span class='ocrx_word' id='word_1_148' title='bbox 599 2190 807 2239; x_wconf 82' lang='lat' dir='ltr'>ventosque</span> <span class='ocrx_word' id='word_1_149' title='bbox 827 2188 968 2239; x_wconf 81' lang='lat' dir='ltr'>aspirat</span> <span class='ocrx_word' id='word_1_150' title='bbox 987 2188 1105 2236; x_wconf 82' lang='lat' dir='ltr'>eunti,</span> 
     </span>
     <span class='ocr_line' id='line_1_29' title="bbox 30 2311 34 2336; baseline 0 0"><span class='ocrx_word' id='word_1_151' title='bbox 30 2311 34 2336; x_wconf 76' lang='lat'>1</span> 
     </span>
     <span class='ocr_line' id='line_1_30' title="bbox 33 2376 35 2398; baseline 0 0"><span class='ocrx_word' id='word_1_152' title='bbox 33 2376 35 2398; x_wconf 80' lang='grc' dir='ltr'>ι</span> 
     </span>
    </p>
   </div>
   <div class='ocr_carea' id='block_1_8' title="bbox 0 0 32 2156">
    <p class='ocr_par' dir='ltr' id='par_1_11' title="bbox 0 0 32 2156">
     <span class='ocr_line' id='line_1_31' title="bbox 0 0 32 2156; baseline 0 0"><span class='ocrx_word' id='word_1_153' title='bbox 0 0 32 2156; x_wconf 95' lang='lat' dir='ltr'> </span> 
     </span>
    </p>
   </div>
   <div class='ocr_carea' id='block_1_9' title="bbox 168 2239 1275 2614">
    <p class='ocr_par' dir='ltr' id='par_1_12' title="bbox 168 2239 1275 2346">
     <span class='ocr_line' id='line_1_32' title="bbox 168 2239 1275 2291; baseline 0.002 -14"><span class='ocrx_word' id='word_1_154' title='bbox 168 2239 300 2278; x_wconf 89' lang='lat' dir='ltr'>Multa</span> <span class='ocrx_word' id='word_1_155' title='bbox 317 2254 485 2288; x_wconf 80' lang='lat' dir='ltr'>movenS‚</span> <span class='ocrx_word' id='word_1_156' title='bbox 503 2242 667 2280; x_wconf 84' lang='lat' dir='ltr'>necdum</span> <span class='ocrx_word' id='word_1_157' title='bbox 685 2242 887 2291; x_wconf 89' lang='lat' dir='ltr'>antiquum</span> <span class='ocrx_word' id='word_1_158' title='bbox 907 2244 1078 2279; x_wconf 88' lang='lat' dir='ltr'>saturata</span> <span class='ocrx_word' id='word_1_159' title='bbox 1097 2240 1275 2280; x_wconf 87' lang='lat' dir='ltr'>dolorem.</span> 
     </span>
     <span class='ocr_line' id='line_1_33' title="bbox 169 2292 1121 2346; baseline 0.003 -16"><span class='ocrx_word' id='word_1_160' title='bbox 169 2292 244 2331; x_wconf 84' lang='lat' dir='ltr'>Illa</span> <span class='ocrx_word' id='word_1_161' title='bbox 261 2294 363 2331; x_wconf 85' lang='lat' dir='ltr'>viam</span> <span class='ocrx_word' id='word_1_162' title='bbox 382 2294 547 2332; x_wconf 88' lang='lat' dir='ltr'>celerans</span> <span class='ocrx_word' id='word_1_163' title='bbox 566 2309 633 2346; x_wconf 87' lang='lat' dir='ltr'>per</span> <span class='ocrx_word' id='word_1_164' title='bbox 651 2295 755 2333; x_wconf 89' lang='lat' dir='ltr'>mille</span> <span class='ocrx_word' id='word_1_165' title='bbox 774 2295 961 2333; x_wconf 89' lang='lat' dir='ltr'>coloribus</span> <span class='ocrx_word' id='word_1_166' title='bbox 981 2309 1121 2343; x_wconf 80' lang='lat' dir='ltr'>arcum,</span> 
     </span>
    </p>

    <p class='ocr_par' dir='ltr' id='par_1_13' title="bbox 169 2345 997 2399">
     <span class='ocr_line' id='line_1_34' title="bbox 169 2345 997 2399; baseline 0.005 -16"><span class='ocrx_word' id='word_1_167' title='bbox 169 2345 282 2384; x_wconf 82' lang='lat' dir='ltr'>Nulli</span> <span class='ocrx_word' id='word_1_168' title='bbox 298 2347 391 2394; x_wconf 86' lang='lat' dir='ltr'>visa,</span> <span class='ocrx_word' id='word_1_169' title='bbox 411 2348 488 2386; x_wconf 84' lang='lat' dir='ltr'>cito</span> <span class='ocrx_word' id='word_1_170' title='bbox 507 2349 674 2386; x_wconf 87' lang='lat' dir='ltr'>decurrit</span> <span class='ocrx_word' id='word_1_171' title='bbox 691 2349 849 2387; x_wconf 83' lang='lat' dir='ltr'>tramite</span> <span class='ocrx_word' id='word_1_172' title='bbox 866 2349 975 2399; x_wconf 81' lang='lat' dir='ltr'>virgo</span> <span class='ocrx_word' id='word_1_173' title='bbox 990 2365 997 2387; x_wconf 76' lang='lat' dir='ltr'>z</span> 
     </span>
    </p>

    <p class='ocr_par' dir='ltr' id='par_1_14' title="bbox 171 2398 1196 2507">
     <span class='ocr_line' id='line_1_35' title="bbox 171 2398 1196 2452; baseline 0.004 -16"><span class='ocrx_word' id='word_1_174' title='bbox 171 2398 366 2450; x_wconf 86' lang='lat' dir='ltr'>Conspicit</span> <span class='ocrx_word' id='word_1_175' title='bbox 384 2401 582 2452; x_wconf 81' lang='lat' dir='ltr'>ingentem</span> <span class='ocrx_word' id='word_1_176' title='bbox 601 2416 836 2450; x_wconf 79' lang='lat' dir='ltr'>concursum,</span> <span class='ocrx_word' id='word_1_177' title='bbox 856 2404 895 2440; x_wconf 86' lang='lat' dir='ltr'>et</span> <span class='ocrx_word' id='word_1_178' title='bbox 913 2403 1028 2440; x_wconf 86' lang='lat' dir='ltr'>litora</span> <span class='ocrx_word' id='word_1_179' title='bbox 1044 2402 1196 2450; x_wconf 79' lang='lat' dir='ltr'>lustrat,</span> 
     </span>
     <span class='ocr_line' id='line_1_36' title="bbox 171 2451 1152 2507; baseline 0.005 -18"><span class='ocrx_word' id='word_1_180' title='bbox 171 2451 426 2504; x_wconf 85' lang='lat' dir='ltr'>Desertosque</span> <span class='ocrx_word' id='word_1_181' title='bbox 444 2455 550 2493; x_wconf 86' lang='lat' dir='ltr'>videt</span> <span class='ocrx_word' id='word_1_182' title='bbox 567 2458 701 2506; x_wconf 85' lang='lat' dir='ltr'>portus</span> <span class='ocrx_word' id='word_1_183' title='bbox 720 2456 950 2507; x_wconf 85' lang='lat' dir='ltr'>classemque</span> <span class='ocrx_word' id='word_1_184' title='bbox 968 2456 1152 2494; x_wconf 88' lang='lat' dir='ltr'>relictam.</span> 
     </span>
    </p>

    <p class='ocr_par' dir='ltr' id='par_1_15' title="bbox 170 2504 992 2555">
     <span class='ocr_line' id='line_1_37' title="bbox 170 2504 992 2555; baseline 0.007 -13"><span class='ocrx_word' id='word_1_185' title='bbox 170 2504 227 2542; x_wconf 86' lang='lat' dir='ltr'>At</span> <span class='ocrx_word' id='word_1_186' title='bbox 244 2507 376 2555; x_wconf 89' lang='lat' dir='ltr'>procul</span> <span class='ocrx_word' id='word_1_187' title='bbox 393 2507 433 2544; x_wconf 89' lang='lat' dir='ltr'>in</span> <span class='ocrx_word' id='word_1_188' title='bbox 453 2508 532 2546; x_wconf 86' lang='lat' dir='ltr'>sola</span> <span class='ocrx_word' id='word_1_189' title='bbox 551 2511 703 2547; x_wconf 75' lang='lat' dir='ltr'>secretae</span> <span class='ocrx_word' id='word_1_190' title='bbox 721 2510 887 2547; x_wconf 89' lang='lat' dir='ltr'>Troades</span> <span class='ocrx_word' id='word_1_191' title='bbox 906 2511 992 2548; x_wconf 76' lang='lat' dir='ltr'>acta</span> 
     </span>
    </p>

    <p class='ocr_par' dir='ltr' id='par_1_16' title="bbox 170 2557 1240 2614">
     <span class='ocr_line' id='line_1_38' title="bbox 170 2557 1240 2614; baseline 0.004 -19"><span class='ocrx_word' id='word_1_192' title='bbox 170 2557 366 2597; x_wconf 84' lang='lat' dir='ltr'>Amissum</span> <span class='ocrx_word' id='word_1_193' title='bbox 385 2561 580 2600; x_wconf 83' lang='lat' dir='ltr'>Anchisen</span> <span class='ocrx_word' id='word_1_194' title='bbox 597 2563 752 2611; x_wconf 86' lang='lat' dir='ltr'>flebant,</span> <span class='ocrx_word' id='word_1_195' title='bbox 771 2565 991 2614; x_wconf 73' lang='lat' dir='ltr'>cunctaeque</span> <span class='ocrx_word' id='word_1_196' title='bbox 1009 2562 1240 2614; x_wconf 86' lang='lat' dir='ltr'>profundum</span> 
     </span>
    </p>
   </div>
   <div class='ocr_carea' id='block_1_10' title="bbox 26 2593 817 2744">
    <p class='ocr_par' dir='ltr' id='par_1_17' title="bbox 26 2593 817 2744">
     <span class='ocr_line' id='line_1_39' title="bbox 26 2593 817 2744; baseline 0 0"><span class='ocrx_word' id='word_1_197' title='bbox 26 2593 40 2744; x_wconf 65' lang='lat' dir='ltr'>l</span> <span class='ocrx_word' id='word_1_198' title='bbox 791 2628 817 2654; x_wconf 52' lang='lat' dir='ltr'>P</span> 
     </span>
    </p>
   </div>
  </div>
 </body>
</html>
