1674 2775
279 102 358 139 302
690 112 724 138 P.
745 111 933 139 VIRGILII
951 113 1140 142 MAnoms

280 206 420 252 Immo,
439 206 505 244 ubi
525 206 711 244 defunctae
729 207 846 245 finem
863 210 1070 259 portusque
1088 211 1275 250 tenebunt

280 259 470 297 Ausonios
489 259 591 306 olim,
611 273 856 310 quaecumque
875 263 1036 299 evaserit
1054 263 1166 301 undis

281 312 592 362 Dardaniumque
612 313 747 350 ducem
768 313 976 352 Laurentia
993 316 1138 353 vexerit
1157 331 1257 364 arva,

281 365 489 403 Mortalem
508 365 664 416 eripiam
682 366 853 413 formam,
873 368 1076 418 magnique
1089 369 1231 419 jubebo

282 418 460 469 AEquoris
481 432 560 456 esse
579 419 688 456 deas:
717 420 837 470 qualis
856 420 898 457 N
900 426 996 458 ere'ia
1015 422 1120 460 Doto

282 472 337 509 Et
357 472 518 509 Galatea
535 474 664 509 secant
683 475 924 522 spumantem
942 478 1093 523 pectore
1111 477 1314 525 pontum.''

281 524 441 562 Dixerat
456 541 463 562 :
492 525 603 575 idque
622 527 751 562 ratum
769 526 897 576 Stygii
915 540 980 576 per
999 528 1156 566 flumina
1173 530 1312 577 fratris,

282 577 357 615 Per
375 578 456 627 pice
474 580 662 616 torrentes
682 581 837 629 atraque
855 580 1034 630 voragine
1053 581 1152 631 ripas

281 631 443 678 Annuit,
463 634 502 669 et
520 633 649 669 totum
667 634 765 669 nutu
784 633 996 670 tremefecit
1016 634 1236 685 Olympum.

334 684 440 734 Ergo
461 684 590 722 aderat
608 685 792 735 promissa
810 685 900 731 dies,
920 688 959 723 et
977 689 1150 737 tempora
1168 688 1296 727 Parcae

281 736 424 774 Debita
442 738 696 788 complerant3
725 752 843 789 quum
862 739 982 776 Turni
1001 740 1137 790 injuria
1155 742 1326 780 Matrem

280 790 505 836 Admonuit,
524 791 669 828 ratibus
689 792 801 829 sacris
821 792 1004 842 depellere
1022 794 1154 831 taedas.

280 843 360 880 Hic
379 844 545 893 primum
564 857 663 881 nova
679 845 745 882 lux
764 845 880 883 oculis
900 846 1055 893 offulsit,
1075 851 1114 884 et
1132 847 1267 898 ingens

279 895 394 933 Visus
414 898 460 935 ab
480 898 627 935 Aurora
645 898 783 935 coelum
801 900 1055 937 transcurrere
1074 899 1239 948 nimbus,

280 949 448 999 Idaeique
467 950 593 988 chori:
622 953 708 988 tum
726 965 799 988 Vox
817 951 1005 990 horrenda
1022 966 1088 1002 per
1107 967 1215 992 auras

280 1002 447 1050 Excidit,
467 1010 503 1040 et
522 1004 665 1041 Troum
684 1004 993 1055 Rutulorumque
1012 1007 1166 1056 agmina
1183 1008 1369 1059 complet:

279 1059 301 1075 “
317 1056 379 1093 Ne
397 1056 585 1106 trepidate
603 1071 717 1104 meas,
737 1057 884 1105 Teucri,
904 1059 1100 1097 defendere
1119 1074 1255 1108 naves3

278 1109 387 1146 Neve
407 1112 550 1147 armate
568 1124 724 1148 manus:
753 1111 872 1148 maria
891 1114 979 1149 ante
997 1126 1150 1151 exurere
1169 1114 1298 1152 Turno

279 1162 403 1208 Quam
422 1176 543 1200 sacras
563 1164 715 1201 dabitur
733 1164 857 1213 pinus.
912 1165 990 1202 Vos
1010 1166 1063 1203 ite
1083 1167 1226 1214 solut-ze,

278 1215 353 1261 Ite,
373 1216 449 1253 deae
468 1216 615 1266 pelagi3
643 1217 816 1267 genetrix
828 1218 979 1268 jubet.”
1037 1219 1091 1256 Et
1111 1233 1179 1257 sua
1197 1234 1351 1271 quaeque

279 1268 472 1306 Continuo
491 1283 633 1319 puppes
653 1270 885 1320 abrumpunt
904 1271 1055 1308 vincula
1073 1273 1175 1322 ripis,

278 1321 587 1372 Delphinumque
606 1323 718 1360 modo
738 1323 915 1361 demersis
935 1338 1083 1374 aequora
1101 1326 1234 1363 rostris

277 1374 365 1412 Ima
383 1378 531 1425 petunt.
588 1376 693 1413 Hinc
712 1376 902 1426 virgineae,
920 1377 1090 1415 mirabile
1109 1381 1336 1425 monstrum,

280 1427 403 1476 [Quot
422 1429 525 1478 prius
545 1431 667 1466 aeratae
687 1432 873 1466 steterant
893 1430 940 1467 ad
958 1430 1072 1468 litora
1089 1431 1242 1481 prorae,]

277 1480 463 1518 Reddunt
482 1495 521 1518 se
539 1481 704 1519 totidem
722 1483 845 1528 facies,
865 1486 1057 1533 pontoque
1077 1484 1262 1522 feruntur.

331 1534 570 1584 Obstupuere
589 1535 724 1572 animis
744 1535 905 1581 Rutuli3
934 1537 1162 1574 conterritus
1180 1538 1260 1588 ipse

276 1586 457 1624 Turb-atis
476 1587 676 1637 Messapus
696 1588 799 1638 equis
815 1604 822 1634 ;
851 1591 1054 1626 cunctatur
1073 1593 1112 1627 et
1131 1591 1252 1628 amnis

276 1639 408 1677 Rauca
427 1654 575 1686 sonans,
594 1644 820 1691 revocatque
838 1642 973 1691 pedem
992 1642 1191 1681 Tiberinus
1211 1645 1258 1682 ab
1277 1644 1366 1681 alto.

276 1694 332 1730 At
351 1707 428 1731 non
447 1693 579 1731 audaci
598 1694 710 1731 cessit
729 1694 867 1732 fiducia
886 1695 1038 1742 Turno3

276 1746 391 1784 Ultro
411 1747 556 1784 animos
574 1747 679 1784 tollit
698 1747 821 1794 dictis,
841 1750 954 1798 atque
973 1748 1143 1798 increpat
1160 1749 1285 1787 ultro:

276 1802 297 1818 “
314 1799 496 1849 Trojanos
515 1800 595 1836 haee
614 1804 787 1837 monstra
804 1804 964 1851 petunt;
993 1802 1052 1839 his
1072 1802 1226 1852 Jupiter
1243 1803 1322 1853 ipse

275 1853 473 1890 Auxilium
492 1854 648 1890 solitum
667 1853 828 1904 eripuit;
856 1868 933 1892 non
951 1855 1039 1900 tela,
1059 1869 1127 1892 nec
1146 1855 1253 1905 ignes

275 1905 513 1955 Exspectant
532 1906 710 1944 Rutulos.
766 1907 872 1957 Ergo
891 1908 1010 1944 maria
1027 1908 1130 1946 invia
1148 1909 1314 1955 Teucris,

275 1958 357 1996 Nec
378 1973 460 2009 spes
479 1960 557 1996 ulla
574 1959 697 2009 fugae3
725 1973 851 1997 rerum
870 1974 955 2010 pars
976 1961 1094 1998 altera
1113 1962 1265 2000 ademta.
1283 1965 1353 1999 est.

274 2011 391 2048 Terra
410 2016 539 2050 autem
557 2012 597 2049 in
616 2013 756 2050 nostris
775 2014 970 2051 manibus:
999 2016 1061 2051 tot
1080 2015 1209 2061 millia,
1228 2019 1361 2066 gentes

275 2065 393 2102 Arma
412 2066 539 2102 ferunt
559 2065 683 2102 Italae.
740 2066 794 2103 Ni
814 2080 874 2104 me
893 2067 1024 2104 fatalia
1042 2070 1199 2114 terrent,

274 2117 315 2154 Si
335 2132 408 2167 qua
426 2118 600 2168 Phryges
620 2131 696 2167 prae
715 2132 753 2155 se
767 2119 930 2169 jactant,
949 2133 1128 2170 responsa
1147 2121 1318 2158 deorum.

274 2170 341 2208 Sat
362 2171 449 2208 fatis
468 2171 679 2220 Venerique
699 2171 844 2218 datum,
864 2173 1025 2222 tetigere
1045 2173 1145 2223 quod
1163 2187 1253 2210 arva

274 2224 429 2261 Fertilis
449 2224 627 2261 Ausoniae
647 2224 778 2261 Troes.
835 2225 934 2262 Sunt
954 2229 993 2262 et
1011 2239 1095 2263 mea
1114 2228 1246 2263 contra

273 2277 373 2314 Fata
391 2277 498 2323 mihi,
518 2278 614 2315 ferro
635 2277 854 2314 sceleratam
874 2278 1087 2316 exscindere
1106 2281 1273 2329 gentem,

272 2330 444 2381 Conjuge
462 2332 668 2380 praerepta3
696 2343 765 2367 nec
784 2330 882 2368 solos
901 2331 1031 2381 tangit
1051 2332 1206 2369 Atridas

272 2383 354 2421 Iste
374 2384 491 2430 dolor,
512 2384 673 2433 solisque
691 2383 780 2421 licet
799 2397 929 2434 capere
948 2398 1051 2421 arma
1071 2385 1258 2435 Mycenis.

271 2436 345 2474 Sed
363 2437 496 2486 periise
515 2437 630 2474 semel
648 2436 740 2474 satis
760 2439 829 2474 est.
885 2437 1046 2475 Peccare
1064 2438 1199 2476 fuisset

270 2490 375 2527 Ante
395 2491 498 2536 satis,
517 2490 669 2540 penitus
687 2490 800 2527 modo
819 2504 895 2527 non
914 2504 1033 2540 genus
1053 2504 1165 2529 omne
1184 2505 1336 2541 perosos

271 2542 509 2580 Femineum.
568 2543 713 2590 Quibus
732 2543 811 2580 haec
830 2543 945 2581 medii
964 2544 1102 2581 fiducia
1119 2545 1222 2592 valli,

270 2596 549 2646 Fossarumque
567 2609 695 2643 morae,
714 2596 782 2634 leti
801 2596 1017 2634 discrimina
1034 2610 1160 2647 parva,
