1705 2744
630 132 818 160 AENEIDos
837 133 919 159 ΜΒ.
940 132 1006 158 111.
1375 122 1449 158 149

189 227 390 278 Sanguinis
409 230 448 266 et
467 227 562 265 sacri
579 230 750 278 pateras:
780 228 1018 277 animamque
1037 225 1206 277 sepulcro

189 281 407 328 Condjmus,
428 284 466 319 et
485 294 624 331 magna
643 295 861 331 supremum
878 294 968 318 voce
987 280 1139 317 ciemus.

243 334 374 371 “Inde
392 335 459 372 ubi
475 334 597 384 prima
615 335 707 372 fides
726 335 871 385 pelago,
890 335 1111 384 placataque
1130 332 1237 370 venti

190 387 298 424 Dant
316 388 444 434 maria,
464 391 503 425 et
521 388 614 425 lenis
635 388 823 438 crepitans
842 390 953 425 vocat
973 390 1100 424 auster
1117 387 1159 423 in
1177 387 1309 433 altum,

192 441 397 478 Deducunt
417 441 507 479 socii
524 455 649 487 naves,
669 444 708 479 et
726 442 839 479 litora
857 440 1059 490 complent.

192 494 442 532 Provehimur
460 497 584 544 port11,
604 497 790 545 terraeque
809 495 992 544 urbesque
1010 492 1203 530 recedunt.

194 547 306 585 Sacra
323 549 419 585 mari
437 548 575 585 colitur
592 548 716 586 medio
735 548 952 598 gratissima
969 547 1082 584 tellus

194 601 407 638 Nereidum
424 601 540 638 matri
558 604 597 639 et
616 602 799 652 Neptuno
819 601 954 651 AEgaeo
970 617 977 647 ;

195 654 318 700 Quam
336 655 420 704 pius
440 655 676 701 Arcitenens,
696 669 778 693 oras
798 660 837 692 et
855 655 967 692 litora
986 653 1126 691 circum

196 708 411 754 Errantem,
432 708 559 759 Gyaro
579 708 677 746 celsa
694 709 936 759 Myconoque
953 707 1128 752 revinxit,

196 760 478 812 Immotamque
497 762 568 799 coli
587 762 702 808 dedit,
722 764 761 800 et
780 764 1019 799 contemnere
1036 763 1182 798 ventos.

196 813 287 851 Huc
307 815 426 861 feror;
453 816 534 852 haec
553 815 668 853 fessos
687 817 775 853 tuto
794 814 1046 866 placidissima
1063 816 1178 864 portu

196 867 360 918 Accipit.
416 868 573 918 Egressi
589 882 811 906 veneramur
829 868 1016 918 Apollinis
1035 868 1178 904 urbem.

197 920 282 958 Rex
301 921 435 968 Anius,
454 935 519 959 rex
536 922 636 959 idem
655 922 855 960 hominum
874 921 1084 971 Phoebique
1103 919 1284 965 sacerdos,

197 973 320 1011 Vittis
339 978 378 1012 et
398 989 501 1013 saera
519 975 717 1013 redimitus
735 978 908 1025 tempora
925 975 1030 1012 lauro

199 1027 395 1075 Occurrit3
423 1031 591 1066 veterem
609 1029 803 1067 Anchisen
822 1028 994 1079 agnoscit
1013 1027 1188 1065 amicum.

199 1080 227 1118 J
229 1081 407 1131 ungimus
426 1082 592 1132 hospitio
611 1083 773 1129 dextras,
793 1085 832 1120 et
850 1084 955 1120 tecta
973 1081 1154 1119 subimus.

200 1134 358 1184 Templa
377 1135 436 1173 dei
455 1149 543 1173 saxo
561 1137 766 1174 venerabar
784 1138 931 1173 structa
947 1138 1123 1173 vetusto:

199 1191 209 1206 ‘
222 1187 285 1225 Da
302 1189 502 1239 propriam,
522 1189 762 1240 Thymbraee,
782 1189 958 1227 domum!
987 1189 1035 1226 da
1053 1187 1190 1224 moenia
1207 1185 1323 1225 fessis.

201 1241 257 1278 Et
275 1255 406 1292 genus,
426 1245 464 1280 et
483 1257 699 1281 mansuram
718 1244 871 1281 urbem!
927 1242 1043 1280 Serva
1061 1241 1179 1278 altera
1197 1240 1320 1290 Trojae

202 1294 399 1345 Pergama,
417 1296 591 1347 reliquias
611 1297 789 1334 Danaum
808 1299 921 1346 atque
939 1295 1099 1333 immitis
1118 1294 1280 1332 Achilli!

204 1350 326 1396 Quem
344 1350 566 1401 sequimur?
595 1364 716 1401 quove
734 1350 787 1388 ire
800 1350 911 1401 jubes
926 1349 943 1388 Ρ
972 1349 1037 1387 ubi
1056 1361 1192 1399 ponere
1211 1347 1314 1384 sedes
1329 1345 1346 1384 ?

204 1403 277 1450 Da,
296 1406 415 1454 pater,
435 1404 647 1455 augurium,
667 1406 780 1454 atque
799 1403 934 1441 animis
953 1403 1104 1440 illabere
1123 1401 1286 1439 nostrisf

258 1461 278 1476 ‘⁴
291 1457 366 1494 Vix
384 1471 428 1496 ea
444 1459 545 1495 fatus
565 1471 688 1504 eram,
716 1461 877 1496 tremere
896 1457 1023 1495 omnia
1041 1456 1120 1493 visa
1138 1457 1304 1506 repente,

204 1510 439 1561 Liminaque,
457 1512 657 1562 laurusque
678 1511 758 1558 dei3
786 1513 967 1560 totusque
986 1509 1129 1548 moveri

203 1564 318 1602 Mons
338 1566 489 1612 circum,
509 1568 548 1603 et
567 1565 714 1616 mugire
733 1565 858 1616 adytis
879 1564 1024 1602 cortina
1041 1561 1207 1601 reclusis.

201 2309 383 2348 Submissi
401 2310 566 2360 petimus
585 2313 737 2357 terram,
758 2312 797 2348 et
816 2324 889 2348 vox
907 2310 1029 2347 fertur
1048 2309 1094 2346 ad
1114 2322 1242 2346 ames:

202 2366 210 2382 ‘
223 2363 452 2402 Dardanidae
473 2365 568 2411 duri,
589 2378 673 2415 quae
693 2378 760 2401 vos
782 2378 804 2402 a
823 2364 940 2414 stirpe
959 2366 1163 2414 parentum

202 2415 329 2454 Prima
346 2417 440 2455 tulit
458 2418 584 2465 tellus,
605 2418 735 2456 eadem
753 2431 821 2455 vos
840 2418 954 2455 ubere
972 2417 1065 2454 laeto

203 2470 372 2520 Accipiet
389 2471 555 2509 reduces.
611 2472 824 2521 Antiquam
844 2471 1028 2521 exquirite
1047 2472 1221 2507 matrem.

204 2522 281 2560 Hic
299 2523 430 2561 domus
450 2525 582 2562 AEneae
602 2525 749 2563 cunctis
769 2524 1028 2563 dominabitur
1048 2523 1133 2570 oris,

204 2575 259 2612 Et
276 2577 357 2614 nati
374 2580 563 2625 natorum,
583 2582 622 2616 et
642 2578 707 2629 qui
725 2581 929 2616 nascentur
949 2578 994 2615 ab
1013 2577 1111 2614 illis?

202 2627 298 2668 Haec
319 2629 508 2670 Phoebus:
537 2632 735 2683 mixtoque
754 2632 889 2683 ingens
911 2632 1042 2669 exorta
1059 2629 1235 2668 tumultu
