1705 2744
628 77 820 105 nmmos
838 77 923 105 ΗΒ.
942 78 1000 105 Π.
1376 72 1454 108 239

181 173 349 224 Corpora
367 173 564 218 debentur,
584 172 734 210 Lethaei
753 173 800 210 ad
818 173 986 210 fluminis
1004 173 1148 211 undam

180 227 338 265 Securos
356 227 488 264 latices
508 229 547 264 et
565 226 680 277 longa
698 226 836 264 oblivia
854 230 1004 276 potant.

179 281 264 318 Has
284 280 458 330 equidem
475 293 684 317 memorare
702 280 776 318 tibi
794 282 908 330 atque
928 279 1125 317 ostendere
1144 293 1282 327 coram,

179 334 208 371 J
210 333 419 383 ampridem
437 333 535 370 hane
553 333 698 383 prolem
718 333 828 383 cupio
848 347 1066 370 enumerare
1085 347 1278 372 meorum:

180 387 264 434 Quo
283 387 406 437 magis
426 386 542 424 Italia
559 399 710 424 mecum
727 386 856 424 laetere
874 390 1035 436 reperta.

179 440 212 478 Ο
232 442 352 490 pater,
372 453 468 477 anne
487 439 630 489 aliquas
650 440 698 477 ad
717 440 856 477 coelum
875 440 964 477 hinc
984 440 1037 477 ire
1056 440 1271 489 putandum
1291 443 1351 479 est

179 493 368 531 Sublimes
388 493 544 539 animas,
562 493 778 542 iterumque
797 493 838 530 in
856 493 966 530 tarda
984 494 1125 531 reverti

180 546 378 597 Corpora?
409 560 492 596 quae
511 546 606 584 lucis
624 547 771 584 miseris
790 549 873 584 tam
892 547 973 584 dira
992 545 1160 597 cupido?

178 600 318 638 Dicam
336 600 534 650 equidem3
561 613 630 637 nec
649 603 688 637 te
708 613 944 650 suspensum,
963 603 1064 646 nate,
1084 600 1222 639 tenebo
1236 601 1272 639 :”

179 653 346 703 Suscipit
365 653 564 699 Anchises,
584 656 699 703 atque
718 654 848 691 ordine
868 653 1017 704 singula
1037 654 1182 704 pandit.

232 709 254 726 ‘⁴
267 706 460 756 Principio
480 706 618 744 coelum
637 720 679 744 ac
697 710 829 751 terras,
849 720 1074 757 camposque
1093 707 1292 757 liquentes,

180 759 468 810 Lucentemque
486 760 645 810 globum
664 760 785 797 Lunae
805 760 1033 810 Titaniaque
1053 764 1166 807 astra,

180 813 345 863 Spiritus
364 813 469 850 intus
489 813 570 860 alit,
589 816 788 863 totamque
807 813 932 851 infusa
950 827 1017 864 per
1036 821 1141 851 artus

178 866 293 904 Mens
313 866 436 917 agitat
455 867 607 913 molem,
627 870 666 904 et
684 880 825 917 magno
845 881 883 904 se
902 881 1056 917 corpore
1074 867 1221 905 miscet.

178 919 276 957 Inde
294 919 495 957 hominum
514 920 776 970 pecudumque
795 934 927 970 genus,
948 921 1110 971 vitaeque
1128 921 1340 968 volantum,

178 973 234 1010 Et
254 986 337 1023 quae
356 987 568 1011 marmoreo
587 973 660 1011 fert
679 978 851 1011 monstra
871 974 941 1011 sub
960 988 1107 1024 aequore
1125 981 1280 1025 pontus.

178 1026 323 1076 Igneus
343 1030 402 1064 est
421 1026 504 1064 ollis
523 1027 632 1077 Vigor
651 1030 690 1064 et
710 1027 873 1065 ccelestis
893 1027 998 1078 origo

178 1079 406 1126 Seminibus,
427 1084 614 1130 quantum
632 1094 710 1118 non
728 1081 841 1118 noxia
860 1094 1016 1131 corpora
1034 1081 1202 1126 tardant,

177 1133 407 1184 Terrenique
426 1133 611 1171 hebetant
630 1137 735 1171 artus
754 1134 1053 1184 moribundaque
1072 1135 1252 1172 membra.
1323 1134 1450 1185 [auras

176 1186 284 1224 Hinc
318 1190 511 1233 metuunt,
545 1187 779 1238 cupiuntque
795 1204 804 1234 ;
846 1187 987 1233 dolent,
1020 1188 1263 1239 gaudentque
1280 1205 1288 1235 ;
1329 1203 1450 1239 neque

176 1239 406 1290 Despiciunt
426 1241 562 1278 clausae
581 1241 748 1279 tenebris
768 1243 807 1278 et
827 1255 972 1279 carcere
991 1255 1100 1279 caeco.

179 1293 282 1340 Quin
301 1296 340 1331 et
360 1307 535 1344 supremo
555 1308 672 1344 quum
691 1294 834 1332 lumine
853 1295 934 1331 vita
953 1294 1118 1344 reliquit,

175 1345 269 1384 Non
286 1348 419 1385 tamen
437 1361 548 1385 omne
567 1348 712 1385 malum
730 1348 888 1394 miseris,
908 1362 976 1386 nec
996 1348 1168 1386 funditus
1188 1362 1318 1387 omnes

177 1399 375 1450 Corporeae
394 1401 582 1439 excedunt
599 1404 746 1451 pestes;
775 1402 1002 1452 penitusque
1020 1416 1169 1440 necesse
1189 1407 1247 1440 est

177 1452 308 1491 Multa
327 1454 394 1491 diu
412 1458 588 1492 concreta
606 1455 729 1492 modis
748 1455 951 1493 inolescere
969 1455 1087 1492 miris.

177 1505 286 1556 Ergo
304 1510 527 1545 exercentur
545 1508 679 1558 poenis,
697 1511 945 1559 veterumque
963 1509 1151 1546 malorum

179 1558 372 1609 Supplicia
390 1561 620 1611 expendunt.
675 1562 776 1599 Aliae
794 1563 1016 1612 panduntur
1034 1562 1164 1599 inanes

178 1611 378 1662 Suspensae
398 1614 446 1650 ad
464 1617 622 1660 ventos3
651 1615 732 1652 aliis
752 1616 823 1652 sub
842 1616 997 1665 gurgite
1016 1618 1126 1652 vasto

177 1664 376 1702 Infeetum
394 1666 537 1704 eluitur
555 1667 687 1714 scelus,
707 1671 774 1705 aut
793 1668 966 1706 exuritur
984 1668 1064 1718 igni
1079 1684 1087 1714 ;

178 1718 347 1768 Quisque
366 1733 453 1756 suos
471 1720 641 1769 patimur
658 1734 811 1767 manes3
840 1721 973 1758 exinde
990 1735 1058 1771 per
1076 1720 1246 1771 amplum

176 1771 379 1809 Mittimur
398 1773 587 1823 Elysium,
607 1776 647 1811 et
664 1774 775 1824 pauci
792 1774 882 1811 laeta
901 1788 990 1812 arva
1007 1777 1182 1812 tenemus
1200 1791 1208 1812 :

175 1824 310 1862 Donec
328 1825 446 1876 longa
464 1826 554 1872 dies,
572 1827 740 1876 perfecto
757 1828 940 1877 temporis
960 1827 1060 1873 orbe,

177 1877 406 1916 Concretam
424 1880 565 1917 exemit
584 1880 719 1926 labem,
739 1894 952 1930 purumque
970 1880 1124 1930 reliquit

176 1931 399 1969 AEtherium
417 1945 581 1978 sensum,
601 1936 715 1983 atque
735 1939 840 1971 aurai
861 1934 1040 1984 simplicis
1060 1934 1201 1984 ignem.

173 1984 260 2022 Has
279 1999 422 2031 omnes,
441 1986 508 2023 ubi
526 1986 629 2024 mille
648 1989 774 2024 rotam
791 1987 942 2025 volvere
960 2001 1028 2037 per
1047 2001 1176 2033 annos,

174 2037 380 2076 Lethaeum
398 2039 446 2076 ad
464 2039 625 2077 fluvium
643 2040 734 2077 deus
754 2043 886 2078 evocat
905 2041 1056 2091 agmine
1074 2054 1236 2091 magno:

175 2090 327 2129 Scilicet
345 2092 598 2139 immemores,
618 2107 752 2144 supera
771 2097 815 2131 ut
835 2107 1001 2131 convexa
1018 2094 1186 2132 revisant

174 2143 335 2191 Rursus,
356 2148 394 2183 et
413 2146 599 2196 incipiant
618 2147 659 2183 in
678 2161 834 2197 corpora
851 2147 947 2185 velle
965 2148 1145 2185 reverti.’'

174 2196 335 2236 Dixerat
354 2199 562 2246 Anchises,
590 2202 800 2251 natumque
818 2214 969 2251 unaque
988 2201 1175 2252 Sibyllam

175 2249 397 2289 Conventus
415 2253 537 2290 trahit
556 2253 598 2291 in
615 2254 771 2300 medios,
790 2255 1019 2305 turbamque
1039 2261 1260 2292 sonantem:

174 2302 230 2340 Et
248 2305 443 2343 tumulum
462 2307 576 2356 capit,
595 2307 697 2345 unde
716 2321 847 2345 omnes
866 2308 982 2358 longo
1002 2308 1133 2346 ordine
1152 2308 1273 2359 possit

174 2356 364 2405 Adyemos
382 2358 518 2409 legere,
538 2363 578 2398 et
596 2361 820 2399 venientum
838 2361 979 2399 discere
997 2361 1140 2399 vultus.

25 2402 57 2459 ’ζ
78 2399 105 2449 '.
140 2397 251 2440 β’
263 2410 378 2449 Nunc
398 2425 479 2463 age,
500 2413 733 2451 Dardaniam
751 2415 897 2464 prolem
917 2428 1000 2465 quae
1021 2415 1155 2453 deinde
1174 2417 1356 2466 sequatur

33 2472 103 2520 ἧρπε,
128 2459 140 2496 ἶ·
176 2461 319 2510 Gloria,
338 2465 404 2515 qui
421 2472 602 2504 maneant
621 2467 724 2505 Itala
743 2468 789 2505 de
807 2470 924 2518 gente
942 2471 1110 2518 nepotes,

51 2534 61 2567 Χ
176 2514 352 2555 Elustres
370 2519 526 2566 animas,
545 2523 796 2571 nostrumque
814 2521 855 2558 in
872 2535 1012 2559 nomen
1030 2522 1162 2569 ituras,

173 2566 387 2619 Expediam
405 2572 530 2621 dictiS,
549 2576 588 2612 et
606 2577 647 2612 te
664 2576 734 2612 tua
751 2574 832 2612 fata
849 2574 1002 2614 docebo.
