1705 2744
658 111 847 139 AENEIDOS
867 111 951 138 LIB.
972 111 1020 138 11.

202 210 365 249 Adversi
383 211 497 260 rupto
517 221 585 246 ceu
603 208 794 258 quondam
812 207 965 245 turbine
983 206 1091 244 venti

203 265 439 315 Confligunt,
459 262 740 313 Zephyrusque,
760 262 975 312 Notusque,
995 263 1034 298 et
1052 260 1162 297 laetus
1181 259 1276 298 Eois

204 319 332 355 Eurus
353 317 478 368 equis:
509 316 678 353 stridunt
697 315 812 361 silvae,
833 315 1014 365 saevitque
1032 314 1194 351 tridenti

204 372 391 422 Spumeus
411 374 524 420 atque
542 369 619 407 imo
638 369 786 406 Nereus
806 368 880 406 ciet
902 381 1056 419 aequora
1073 367 1204 405 fundo.

204 425 277 463 Ille
296 425 424 470 etiam,
444 424 476 460 si
494 436 587 473 quos
607 422 764 460 obscura
783 424 894 460 nocte
913 435 979 472 per
998 421 1174 458 umbram

206 478 393 516 Fudimus
411 477 568 523 insidiis,
587 478 745 526 totaque
765 476 993 526 agitavimus
1012 475 1116 522 urbe,

205 533 426 583 Apparent3
453 530 567 581 primi
586 530 723 580 clipeos
742 529 979 579 mentitaque
997 528 1076 566 tela

206 586 446 637 Agnoscunt,
466 586 580 634 atque
599 597 664 621 ora
682 597 773 621 sono
793 583 978 620 discordia
996 582 1162 633 signant.

207 639 321 677 Ilicet
340 638 535 677 obruimur
553 650 732 675 numero:
761 636 979 687 primusque
1000 635 1182 673 Coroebus

207 692 362 731 Penelei
382 692 515 730 dextra
533 691 631 728 divae
652 690 916 741 armipotentis
936 690 983 727 ad
1002 702 1105 726 aram

208 746 456 792 Procumbit3
485 745 586 783 cadit
606 746 644 782 et
664 744 847 794 Rhipeus,
861 743 1096 794 justissimus
1115 755 1214 779 unus

209 800 284 847 Qui
302 800 376 837 fuit
395 799 436 836 in
455 798 621 844 Teucris,
641 800 679 835 et
699 797 1003 835 servantissimus
1023 795 1141 846 aequi:

206 853 279 891 Dis
299 854 409 891 aliter
427 852 563 889 visum.
619 851 788 889 Pereunt
807 850 1060 901 Hypanisque
1080 849 1314 900 Dymasque,

210 907 360 945 Confixi
378 920 400 944 a
418 905 527 944 sociis
543 921 550 951 3
578 918 648 942 nee
666 907 706 943 te
725 907 793 942 tua
812 904 985 955 plurima,
1006 903 1176 951 Panthu,

208 960 422 998 Labentem
440 959 572 1010 pietas,
592 971 661 996 nee
681 958 869 1009 Apollinis
888 958 1008 995 infula
1025 957 1136 994 texit.

210 1014 320 1052 Iliaci
339 1014 492 1059 cineres,
511 1015 551 1050 et
569 1011 722 1049 flamma
740 1014 909 1050 extrema
926 1024 1109 1057 meorum,

209 1067 359 1114 Testor,
378 1067 418 1104 in
437 1079 571 1104 occasu
588 1069 716 1104 vestro
734 1079 802 1103 nec
821 1065 898 1103 tela
916 1078 985 1102 nec
1004 1064 1100 1101 ullas

209 1121 401 1158 Vitavisse
419 1120 519 1157 vices
539 1119 739 1166 Danaum3
768 1121 807 1157 et
827 1119 858 1156 si
877 1119 956 1156 fata
974 1117 1147 1163 fuissent,

210 1175 269 1212 Ut
288 1175 470 1219 caderem,
489 1173 669 1211 meruisse
687 1187 814 1210 manu.
871 1171 1101 1210 Divellimur
1118 1169 1229 1208 inde:

211 1228 367 1279 Iphitus
387 1230 426 1266 et
446 1227 569 1264 Pelias
587 1240 759 1273 mecum3
788 1240 950 1277 quorum
969 1225 1124 1276 Iphitus
1146 1237 1228 1262 aevo

211 1282 239 1319 J
242 1295 304 1320 am
321 1281 483 1333 gravior,
504 1280 627 1318 Pelias
647 1283 686 1318 et
704 1280 858 1318 vulnere
877 1279 1009 1317 tardus
1029 1278 1160 1325 Ufixi3

212 1335 394 1373 Protinus
414 1335 462 1373 ad
482 1334 586 1372 sedes
606 1334 751 1371 Priami
769 1334 930 1372 clamore
949 1332 1087 1370 vocati.

138 1417 141 1421 -
212 1389 292 1427 Hic
309 1403 398 1427 vero
416 1388 614 1441 ingentem
631 1401 812 1439 pugnam,
832 1401 900 1425 ceu
919 1389 1044 1425 cetera
1061 1398 1250 1436 nusquam

212 1442 323 1481 Bella
340 1443 476 1490 forent,
496 1442 592 1479 nulli
609 1444 696 1479 tota
713 1443 951 1479 morerentur
969 1441 1010 1478 in
1028 1440 1133 1485 urbe,

214 1496 276 1534 Sic
296 1496 466 1534 Martem
484 1495 728 1542 indomitum,
748 1496 976 1544 Danaosque
995 1494 1043 1531 ad
1060 1495 1166 1530 tecta
1183 1494 1336 1529 ruentes

215 1549 426 1597 Cernimus,
445 1550 714 1600 obsessumque
733 1552 818 1587 acta
836 1548 1030 1586 testudine
1048 1547 1178 1584 limen.

215 1602 381 1640 Haerent
399 1603 606 1653 parietibus
625 1602 749 1649 scalae,
768 1604 970 1653 postesque
990 1601 1060 1638 sub
1079 1600 1180 1650 ipsos

216 1655 411 1693 Nituntur
429 1656 620 1707 gradibus,
640 1656 852 1706 clipeosque
871 1656 919 1693 ad
936 1654 1015 1693 tela
1033 1653 1196 1691 sinistris

217 1709 391 1747 Protecti
409 1709 604 1761 objiciunt,
623 1712 804 1759 prensant
823 1708 978 1760 fastigia
996 1706 1152 1745 dextris.

216 1762 445 1801 Dardanidae
464 1765 597 1801 contra
613 1765 737 1800 turres
757 1776 799 1800 ae
816 1764 921 1800 tecta
940 1762 1140 1799 domorum

217 1815 396 1854 Culmina
413 1817 653 1854 convellunt:
681 1816 741 1853 his
761 1829 811 1862 se,
831 1815 980 1866 quando
998 1813 1139 1851 ultima
1157 1813 1330 1858 cernunt,

216 1869 404 1908 Extrema
415 1870 499 1921 jam
517 1871 558 1907 in
576 1871 700 1907 morte
718 1871 854 1920 parant
873 1868 1071 1906 defendere
1089 1866 1188 1912 telis,

217 1923 458 1974 Auratasque
476 1924 616 1970 trabes,
634 1925 808 1961 veterum
827 1923 962 1960 decora
979 1921 1058 1959 alta
1074 1922 1288 1971 parentum,

218 1976 463 2016 Devolvunt:
493 1977 556 2014 alii
574 1976 718 2015 strictis
737 1976 981 2014 mucronibus
999 1975 1095 2012 imas

219 2030 409 2069 Obsedere
427 2031 547 2077 fores3
574 2030 644 2068 has
663 2032 815 2068 servant
834 2029 985 2080 agmine
1004 2028 1133 2066 denso.

218 2083 433 2122 Instaurati
451 2084 579 2131 animi,
598 2084 698 2135 regis
718 2096 932 2121 succurrere
950 2082 1076 2128 tectis,

218 2137 448 2189 Auxilioque
466 2138 589 2176 levare
607 2137 720 2185 viros,
738 2137 891 2188 vimque
909 2136 1045 2174 addere
1063 2134 1187 2172 victis.

273 2194 295 2211 “
308 2191 445 2230 Limen
464 2194 557 2239 erat,
576 2204 753 2242 caecaeque
772 2191 881 2237 fores,
900 2191 940 2228 et
958 2188 1110 2240 pervius
1128 2201 1219 2225 usus

220 2244 428 2283 Teetorum
446 2245 548 2283 inter
566 2259 605 2283 se
625 2245 780 2291 Priami,
799 2246 1003 2295 postesque
1021 2241 1146 2280 relicti

221 2299 258 2336 A
276 2301 409 2350 terg03
436 2299 568 2337 infelix
586 2312 660 2350 qua
678 2312 728 2346 se,
749 2299 840 2336 dum
858 2310 977 2348 regna
994 2295 1212 2341 manebant,

225 2352 370 2404 Saepius
389 2353 656 2391 Andromache
674 2353 770 2390 ferre
788 2352 1014 2390 incomitata
1032 2349 1177 2387 solebat

223 2407 286 2444 Ad
304 2420 462 2454 soceros,
482 2409 521 2444 et
540 2420 610 2444 avo
628 2420 790 2457 puerum
807 2406 1049 2456 Astyanacta
1065 2401 1256 2441 trahebat.

224 2459 358 2498 Evado
377 2461 425 2498 ad
444 2460 584 2497 summi
600 2460 755 2511 fastigia
773 2459 961 2505 culminis,
979 2457 1081 2495 unde

227 2512 321 2551 Tela
336 2527 454 2552 manu
472 2513 600 2551 miseri
612 2514 813 2565 jactabant
831 2512 941 2550 irrita
959 2510 1107 2549 Teucri,

225 2566 391 2614 Turrim,
409 2567 451 2604 in
468 2567 659 2618 praecipiti
677 2569 846 2605 stantem
865 2565 1099 2614 summisque
1119 2562 1189 2601 sub
1209 2563 1312 2600 astra

226 2619 419 2658 Eductam
437 2620 563 2669 tectis,
581 2621 682 2659 unde
701 2620 823 2659 omnis
843 2619 958 2671 Troja
975 2617 1108 2665 videri,

1398 102 1473 140 135
