1705 2744
656 97 894 124 GEORGICON
922 98 1004 123 LIB.
1025 98 1054 124 Ι.

219 191 276 229 Ut
296 191 409 229 silicis
428 191 532 230 venis
553 192 770 230 abstrusum
788 193 988 230 excuderet
1006 193 1146 243 ignem.

218 245 325 282 Tunc
345 245 448 283 alnos
467 246 632 296 primum
650 246 756 283 fluvii
774 259 920 283 sensere
939 250 1111 293 cavatas3

218 298 363 335 Navita
380 301 467 336 tum
485 299 603 336 stellis
622 313 797 337 numeros
817 302 856 337 et
875 299 1029 337 nomina
1047 300 1148 345 fecit,

217 351 400 398 Pleiadas,
420 352 590 402 Hyadas,
610 353 822 403 claramque
842 352 1030 403 Lycaonis
1049 354 1217 398 Arct0n3

216 405 316 441 Tum
335 405 476 455 laqueis
497 408 646 455 captare
664 406 760 443 feras
780 409 818 443 et
837 406 965 444 fallere
983 406 1085 444 visco

215 457 436 504 Inventum,
456 461 494 496 et
513 473 672 510 magnos
692 459 845 497 canibus
866 460 1095 497 circumdare
1114 460 1254 505 saltus;

215 511 344 561 Atque
364 512 457 548 alius
476 512 599 549 latum
617 513 735 550 funda
748 513 829 563 jam
848 514 1021 551 verberat
1041 527 1202 559 amnem,

215 564 309 602 Alta
326 568 458 615 petens
477 566 684 617 pelagoque
704 566 797 604 alius
816 567 938 604 trahit
956 567 1113 604 humida
1131 567 1229 604 lina:

209 1474 308 1512 Tum
326 1474 414 1512 ferri
433 1475 546 1526 rigor,
566 1478 679 1527 atque
700 1479 844 1527 argutae
863 1476 1004 1514 lamina
1023 1491 1154 1523 serrae;

208 1527 312 1565 Nam
332 1529 444 1578 primi
463 1530 589 1567 cuneis
609 1530 829 1568 scindebant
849 1531 962 1567 fissile
980 1531 1128 1581 lignum
1144 1548 1150 1569 :

208 1580 308 1618 Tum
326 1582 438 1619 variae
456 1596 590 1620 venere
609 1586 708 1621 artes
723 1600 731 1629 ;
758 1584 864 1621 labor
883 1584 1010 1621 omnia
1028 1584 1120 1621 vicit

207 1633 410 1684 Improbus
431 1638 469 1673 et
488 1636 590 1673 duris
609 1650 748 1687 urgens
767 1637 807 1674 in
825 1638 935 1674 rebus
955 1640 1114 1687 egestas.

208 1687 339 1725 Prima
358 1688 468 1725 Ceres
487 1689 583 1727 ferro
602 1690 779 1727 mortales
798 1693 943 1728 vertere
962 1694 1103 1728 terram

207 1740 399 1787 Instituit,
419 1755 534 1791 quum
548 1743 628 1792 jam
647 1743 802 1793 glandes
822 1746 935 1793 atque
954 1744 1089 1781 arbuta
1108 1757 1220 1781 sacrae

205 1793 423 1832 Deficerent
443 1795 555 1840 silvae,
575 1798 613 1833 et
632 1797 778 1834 victum
797 1796 959 1834 Dodona
980 1801 1148 1847 negaret.

206 1846 301 1884 Mox
321 1851 360 1885 et
379 1848 578 1886 frumentis
597 1849 702 1887 labor
720 1850 882 1895 additus,
902 1852 946 1886 ut
965 1851 1063 1887 mala
1086 1851 1228 1888 culmos

204 1899 319 1938 Esset
339 1902 482 1951 robigo,
502 1902 700 1953 segnisque
718 1903 887 1940 horreret
905 1903 946 1940 in
965 1903 1062 1940 arvis

205 1952 396 1992 Carduus:
425 1955 619 1993 intereunt
639 1959 806 2007 segetes3
835 1957 937 1994 subit
957 1970 1086 2007 aspera
1105 1957 1208 2003 silva,

203 2005 416 2058 Lappaeque
435 2008 651 2059 tribulique,
670 2010 842 2059 interque
861 2010 1024 2048 nitentia
1045 2010 1146 2048 culta

203 2059 343 2097 Infelix
362 2061 492 2098 lolium
512 2064 551 2099 et
570 2063 716 2100 steriles
736 2063 980 2101 dominantur
1003 2077 1140 2101 avenae.

203 2113 311 2159 Quod
331 2114 404 2152 nisi
423 2117 461 2152 et
481 2115 637 2153 assiduis
656 2118 796 2154 terram
814 2117 1045 2155 insectabere
1063 2117 1206 2163 rastris,

202 2166 258 2203 Et
277 2168 405 2205 sonitu
422 2169 579 2206 terrebis
599 2183 695 2215 aves,
715 2172 754 2207 et
772 2170 868 2207 ruris
888 2170 994 2220 opaci

202 2219 314 2258 Falce
332 2235 477 2271 premes
495 2223 659 2269 umbras,
678 2223 852 2274 votisque
870 2223 1061 2261 vocaveris
1079 2224 1240 2261 imbrem
1255 2241 1262 2263 2

201 2272 312 2311 Heu!
341 2288 523 2325 magnum
542 2276 695 2314 alterius
714 2277 856 2314 frustra,
874 2277 1059 2327 spectabis
1079 2290 1265 2323 acervum,

201 2325 464 2378 Concussaque
482 2329 621 2367 famem
639 2330 679 2367 in
699 2331 800 2367 silvis
821 2331 985 2368 solabere
1005 2344 1154 2380 quercu.

252 2379 467 2419 Dicendum
486 2384 535 2429 et,
556 2396 640 2433 quae
661 2383 739 2421 sint
758 2384 861 2421 duris
880 2384 1091 2434 agrestibus
1111 2397 1225 2430 arma,

201 2431 313 2478 Queis
333 2434 412 2473 sine
430 2449 498 2473 nec
516 2439 672 2486 potuere
691 2437 763 2475 seri
780 2451 848 2475 nec
868 2451 1019 2488 surgere
1038 2451 1198 2475 messes:

199 2484 330 2524 Vomis
349 2491 387 2525 et
405 2488 533 2526 inflexi
550 2490 716 2540 primum
733 2504 847 2541 grave
864 2491 979 2528 robur
996 2491 1123 2536 aratri,

200 2537 396 2590 Tardaque
415 2541 602 2580 Eleusinae
621 2543 754 2581 matris
773 2544 966 2582 volventia
984 2545 1163 2594 plaustra,

200 2590 426 2644 Tribulaque
444 2596 662 2647 traheaeque
681 2599 720 2635 et
738 2597 867 2648 iniquo
886 2598 1050 2648 pondere
1068 2597 1202 2642 rastri;

1429 90 1479 127 35
