1705 2744
267 97 346 134 258
685 105 720 131 P.
740 103 929 132 VIRGILII
948 105 1138 133 MAnoms

270 199 400 239 Securi
416 199 541 250 pelagi
559 201 673 250 atque
691 199 777 237 mei.
832 200 940 237 Mars
958 200 1111 250 perdere
1130 202 1286 251 gentem

271 254 484 291 Immanem
504 253 714 302 Lapithum
732 252 877 300 valuit3
905 254 1121 290 concessit
1111 268 1152 290 111
1172 254 1246 291 iras

271 307 360 357 Ipse
379 306 492 343 deum
511 306 707 355 antiquam
726 306 878 355 genitor
898 306 1092 357 Calydona
1111 306 1272 353 Dianae;

272 360 383 406 Quod
401 359 520 397 scelus
539 361 606 396 aut
621 359 805 408 Lapithas
824 361 990 405 tantum,
1005 362 1072 397 aut
1087 359 1282 410 Calydona
1295 363 1504 399 merentem
1518 360 1536 400 Ρ

269 414 344 450 Ast
363 426 445 463 ego,
464 425 604 462 magna
623 411 651 448 J
653 412 733 449 ovis
753 412 900 462 conjux,
920 413 974 449 m'l
992 413 1162 462 linquere
1180 413 1357 451 inausum

273 467 363 513 Quae
381 465 491 516 potui
508 465 652 512 infelix,
672 478 754 515 quae
772 467 915 503 memet
933 465 974 502 in
992 466 1119 503 omnia
1136 467 1246 510 verti,

272 519 414 556 Vincor
432 519 479 556 ab
498 518 630 556 AEnea.
687 518 797 564 Quod
815 518 847 555 si
865 520 952 556 mea?
965 519 1124 556 numina
1140 533 1217 557 non
1237 522 1327 557 sunt

272 572 420 622 Magna
444 571 557 609 satis:
591 571 762 608 dubitem
790 571 894 608 haud
921 572 1095 620 equidem
1121 572 1321 622 implorare
1349 573 1452 623 quod
1477 587 1538 610 us-

274 626 445 663 Flectere
464 625 496 661 si
513 638 657 674 nequeo
677 638 841 674 superos,
861 625 1081 662 Acheronta
1097 626 1268 664 movebo.
1316 626 1448 676 [quam
1466 630 1537 664 est.

273 679 365 716 Non
384 678 537 715 dabitur
555 677 693 728 regnis,
713 681 806 723 esto,
826 677 1024 727 prohibere
1043 678 1205 725 Latinis,

272 732 402 781 Atque
420 731 582 768 immota
600 733 729 768 manet
747 731 837 767 fatis
856 730 1018 768 Lavinia
1036 731 1193 781 conjux:

273 786 329 822 At
347 784 510 830 trahere,
530 786 643 834 atque
662 797 785 821 moras
803 784 924 821 tantis
942 784 1031 821 licet
1051 785 1186 822 addere
1203 785 1337 832 rebus;

273 839 330 875 At
348 838 438 875 licet
457 838 656 875 amborum
673 837 832 887 populos
852 837 1067 875 exscindere
1085 851 1231 888 regum.

273 891 361 928 Hac
380 904 495 941 gener
513 893 628 940 atque
646 904 750 928 socer
768 893 904 928 coeant
922 891 1092 928 mercede
1111 905 1277 929 suorum.

275 944 466 994 Sanguine
485 944 648 994 Trojano
668 946 707 981 et
726 943 874 981 Rutulo
893 944 1083 990 dotabere,
1101 944 1231 994 virgo:

273 998 329 1035 Et
349 997 509 1035 Bellona
526 999 655 1034 manet
674 1000 713 1034 te
732 997 914 1046 pronuba.
968 997 1052 1034 Nec
1070 997 1150 1035 face
1168 1000 1325 1035 tantum

274 1050 414 1088 Cisseis
432 1064 636 1100 praegnans
654 1050 762 1101 ignes
781 1050 891 1087 enixa
902 1050 1072 1101 jugales:

275 1104 377 1150 Quin
394 1104 496 1141 idem
515 1103 654 1141 Veneri
672 1105 804 1153 partus
824 1117 925 1150 suus,
945 1106 984 1141 et
1004 1103 1111 1140 Paris
1131 1104 1237 1148 alter,

275 1157 530 1206 Funestaeque
548 1157 688 1194 iterum
706 1156 870 1194 recidiva
887 1157 927 1193 in
946 1156 1134 1207 Pergama
1151 1157 1302 1195 taedae.'’

327 1210 426 1248 Haec
445 1210 511 1247 ubi
529 1210 632 1247 dicta
649 1210 765 1255 dedit,
785 1212 905 1247 terras
923 1210 1111 1247 horrenda
1128 1210 1279 1260 petivit.

276 1263 504 1301 Luctificam
522 1263 673 1301 Allecto
693 1263 874 1300 Dirarum
894 1263 940 1300 ab
959 1263 1045 1300 sede
1064 1276 1234 1300 sororum

273 1316 514 1365 Infernisque
533 1316 607 1354 ciet
625 1316 792 1354 tenebris
807 1332 814 1353 :
844 1316 905 1353 6111
922 1316 1050 1353 tristia
1068 1316 1176 1361 bella,

277 1369 437 1419 Iraeque,
456 1369 687 1419 insidiaeque,
707 1371 746 1406 et
766 1368 923 1406 crimina
940 1369 1053 1406 noxia
1071 1369 1185 1406 cordi.

278 1422 371 1460 Odit
391 1426 430 1460 et
448 1423 528 1473 ipse
546 1426 655 1472 pater
674 1422 829 1469 Pluton,
849 1422 958 1460 odere
978 1435 1122 1459 sorores

277 1475 471 1513 Tartareae
489 1478 725 1513 monstrum:
754 1477 817 1512 tot
836 1489 915 1513 sese
936 1475 1054 1512 vertit
1073 1475 1112 1512 in
1132 1488 1209 1521 013,

277 1529 374 1566 Tam
393 1541 503 1566 saevae
521 1529 645 1575 facies,
663 1530 725 1566 tot
744 1528 906 1578 pullulat
926 1530 1009 1565 atra
1027 1528 1201 1565 colubris.

278 1582 403 1628 Quam
422 1582 449 1618 ,J
452 1595 527 1619 uno
546 1582 606 1618 his
625 1582 727 1619 acuit
746 1582 881 1626 verbis,
901 1594 943 1618 ac
960 1581 1053 1618 talia
1071 1581 1195 1618 fatur:

278 1639 299 1654 ‘⁶
313 1635 431 1672 Hunc
450 1635 547 1672 mihi
566 1635 614 1672 da
631 1634 836 1685 proprium,
855 1634 964 1684 virgo
984 1636 1067 1671 sata
1085 1634 1223 1680 Nocte,
1241 1633 1421 1679 laborem,

277 1688 392 1725 Hanc
412 1701 575 1738 operam,
594 1702 642 1725 ne
661 1690 790 1725 noster
808 1688 928 1725 honos
946 1687 1154 1724 infractave
1173 1687 1282 1724 cedat

277 1741 399 1778 Fama
415 1741 520 1787 loco3
547 1755 623 1778 neu
641 1741 838 1778 connubiis
857 1740 999 1777 ambire
1018 1739 1204 1777 Latinum

277 1794 457 1832 AEneadae
475 1795 634 1844 possint,
655 1794 823 1832 Italosve
842 1793 1011 1831 obsidere
1029 1793 1136 1831 fines.

277 1848 338 1885 Tu
355 1850 464 1897 potes
484 1848 682 1885 unanimos
702 1861 846 1885 armare
864 1847 905 1884 in
923 1846 1056 1896 proelia
1072 1846 1220 1892 fratres,

278 1901 408 1950 Atque
428 1901 523 1938 odiis
542 1914 689 1938 versare
709 1901 864 1947 domos3
892 1902 938 1937 tu
956 1900 1112 1937 verbera
1129 1899 1243 1937 tectis

280 1953 546 2004 Funereasque
564 1954 700 1991 inferre
718 1954 817 1991 faces
835 1970 842 2000 ;
870 1953 943 1991 tibi
960 1953 1116 1990 nomina
1133 1953 1248 1999 mille,

282 2006 392 2044 Mille
411 2007 571 2044 nocendi
590 2021 630 2044 ar
632 2010 702 2044 tes.
758 2006 982 2044 Fecundum
1001 2008 1161 2044 concute
1178 2007 1322 2056 pectus,

282 2059 425 2109 DisJ'ice
445 2060 693 2110 compositam
712 2073 855 2110 pacem,
875 2073 954 2097 3616
973 2059 1132 2097 6111111113
1149 2058 1260 2103 belli3

282 2113 402 2149 Arma
419 2113 513 2150 velit
531 2115 736 2162 poscatque
755 2113 879 2158 simul,
898 2112 1094 2162 rapiatque
1107 2109 1330 2162 juventusff’

336 2165 438 2202 Exin
458 2166 668 2215 Gorgoneis
687 2165 838 2203 Allecto
856 2143 998 2202 iiifecta
1014 2165 1168 2202 venenis

283 2218 478 2268 Principio
498 2218 654 2255 Latium
674 2220 713 2256 et
733 2218 936 2256 Lamentis
954 2220 1059 2255 tecta
1075 2216 1232 2268 tyranni

285 2271 394 2309 Celsa
411 2274 522 2322 petit,
540 2271 777 2321 tacitumque
796 2271 943 2308 obsedit
961 2271 1078 2308 limen
1096 2271 1260 2314 Amatae,

283 2325 409 2371 9113111
427 2338 538 2375 super
558 2325 725 2362 adventu
743 2325 931 2362 Teucrum
951 2323 1144 2372 Turnique
1162 2322 1372 2374 hymenaeis

284 2378 477 2415 Femineae
495 2378 692 2415 ardentem
711 2390 883 2428 curaeque
901 2377 1040 2426 iraeque
1059 2377 1283 2426 coquebant.

284 2430 389 2468 Huic
410 2432 479 2469 dea
497 2431 664 2468 caeruleis
683 2444 803 2468 unum
822 2431 868 2468 de
887 2430 1051 2468 crinibus
1071 2443 1234 2480 anguem

286 2483 378 2535 Conj
383 2484 461 2529 icit,
476 2484 590 2534 inque
609 2485 735 2521 sinum
752 2498 798 2534 pl
798 2483 958 2521 aecordia
976 2483 1024 2520 ad
1040 2483 1179 2520 intima
1197 2481 1339 2528 subdit,

286 2537 370 2583 9110
389 2515 593 2575 furibunda
610 2538 767 2575 domum
784 2539 956 2575 monstro
973 2536 1199 2586 permisceat
1217 2548 1382 2574 omnem.

286 2590 359 2628 Ille
378 2590 480 2629 inter
497 2593 622 2629 vestes
641 2593 681 2629 et
698 2590 796 2629 levia
813 2592 967 2641 pectora
983 2590 1110 2640 lapsus
