1705 2744
313 126 390 166 276
736 141 771 167 P.
790 140 977 167 VIRGILII
996 140 1185 168 MARONIS

319 233 368 270 In
386 235 586 283 partesque
605 234 705 284 rapit
724 235 856 280 varias,
875 249 1014 285 perque
1033 236 1158 274 omnia
1177 239 1313 275 versat.

319 286 427 324 Sicut
446 300 552 337 aquae
571 288 776 324 tremulum
797 288 910 325 labris
930 289 993 325 ubi
1013 289 1139 326 lumen
1161 290 1291 328 ahenis

319 339 403 377 Sole
422 353 692 389 repercussum,
713 344 780 378 aut
799 341 980 378 radiantis
1000 343 1163 392 imagine
1188 343 1314 390 Lunae,

320 392 457 429 Omnia
475 393 679 442 pervolitat
699 394 774 431 late
789 394 880 439 loca,
895 395 1048 444 jamque
1068 396 1138 432 sub
1158 409 1265 433 auras

319 445 505 495 Erigitur,
526 447 736 495 summique
756 447 843 484 serit
863 447 1049 496 laquearia
1067 449 1172 486 tecti.

318 498 408 535 Nox
427 502 518 544 erat,
539 502 578 536 ct
597 502 715 537 terras
735 499 910 537 animalia
929 501 1024 538 fessa
1041 514 1107 550 pei·
1127 515 1256 538 omnes

318 551 496 588 Alituum
515 553 776 602 pecudumque
794 567 913 602 genus
936 567 1046 603 sopor
1065 554 1165 591 altus
1184 554 1369 591 habebat:

320 604 447 651 Quum
466 612 574 654 pater
592 606 629 642 in
650 606 731 655 ripa
749 606 936 656 gelidique
956 607 1025 644 sub
1044 608 1197 644 aetlieris
1216 620 1283 645 axe

318 657 470 704 AEneas,
490 658 593 695 tristi
612 659 788 696 turbatus
807 663 959 708 pectora
976 660 1085 703 bello,

319 710 541 757 Procubuit,
561 725 754 762 seramque
773 712 878 749 dedit
896 726 961 762 per
980 713 1149 750 membra
1166 713 1344 763 quietem.

318 763 424 801 Huic
444 764 534 801 deus
553 765 632 814 ipse
651 765 721 802 loci
743 765 856 802 fluvio
877 765 1076 803 Tiberinus
1096 779 1244 803 amoeno

320 816 506 866 Populeas
524 817 625 855 inter
644 818 766 856 senior
784 832 822 855 se
842 819 1014 856 attollere
1033 819 1183 856 frondes

319 869 455 916 Visus3
484 884 570 908 eum
590 871 715 908 tenuis
734 871 867 921 glauco
886 872 1035 909 velabat
1054 872 1197 909 amictu

321 921 518 969 carbasus,
538 927 577 961 et
597 924 716 962 crines
736 925 913 961 umbrosa
930 926 1085 975 tegebat
1105 925 1270 971 arund03

320 974 420 1013 Tum
441 976 493 1014 sic
513 977 628 1023 affari,
648 980 687 1015 et
706 991 812 1015 curas
832 977 890 1014 his
909 978 1056 1015 demere
1075 978 1208 1015 dictis:

374 1032 394 1048 ‘⁵
412 1029 444 1066 Ο
465 1032 545 1067 sate
564 1035 678 1080 gent:
697 1031 820 1076 deum,
840 1031 1041 1081 Trojanam
1061 1045 1105 1068 cx
1124 1031 1297 1068 hostibus
1315 1031 1448 1069 urbem

321 1081 395 1128 Qui
414 1083 561 1120 revehis
580 1084 699 1128 nobis,
719 1088 933 1134 aeternaque
954 1084 1140 1134 Pergama
1158 1098 1294 1130 servas,

320 1135 552 1186 Exspectate
571 1137 649 1174 solo
671 1137 852 1174 Laurenti
871 1137 1043 1187 arvisque
1064 1137 1223 1183 Latinis,

320 1188 399 1226 Hic
417 1189 490 1226 tibi
510 1192 613 1227 certa
630 1191 775 1235 domus,
795 1190 899 1233 certi,
919 1204 965 1227 ne
985 1191 1135 1236 absiste,
1154 1192 1331 1240 penates;

319 1241 409 1278 Neu
427 1242 516 1279 belli
534 1246 673 1280 terrere
692 1243 816 1280 minis.
871 1243 1015 1280 Tumor
1034 1243 1155 1280 onmis
1175 1246 1214 1281 et
1232 1243 1297 1280 irae

321 1293 545 1333 Concessere
564 1297 688 1333 deum.

320 1346 485 1398 Jamque
503 1348 586 1395 tibi,
605 1363 652 1386 ne
671 1362 768 1386 vana
784 1351 895 1399 putes
913 1349 994 1386 haec
1013 1349 1154 1399 fingere
1172 1362 1358 1395 somnum,

320 1400 484 1438 Litoreis
503 1401 636 1451 ingens
656 1402 811 1439 inventa
829 1403 899 1440 sub
918 1402 1066 1439 ilicibus
1085 1415 1160 1448 sus,

321 1453 499 1504 Triginta
517 1455 684 1505 capitum
704 1456 803 1492 fetus
823 1455 942 1501 enixa,
955 1455 1119 1505 jacebit,

320 1506 430 1552 Alba,
451 1507 529 1545 solo
548 1509 740 1553 recubans,
760 1509 834 1545 albi
853 1509 990 1546 circum
1012 1508 1127 1545 ubera
1144 1506 1239 1544 nati.

320 1558 399 1596 Hic
418 1560 522 1597 locus
541 1561 644 1598 urbis
663 1561 747 1606 erit,
766 1562 911 1610 requies
930 1575 973 1598 ea
992 1564 1094 1598 certa
1110 1560 1282 1597 laborum
1299 1575 1307 1597 ε

320 1611 382 1649 Ex
401 1626 475 1662 quo
494 1615 554 1651 ter
572 1614 677 1651 denis
696 1614 826 1651 urbem
846 1614 1089 1651 redeuntibus
1108 1613 1216 1650 annis

320 1666 507 1704 Ascanius
527 1666 617 1704 clari
636 1667 774 1704 condet
792 1667 1026 1717 cognominis
1045 1666 1197 1703 Albam.

319 1718 439 1756 Haud
458 1719 603 1757 incerta
621 1734 726 1757 cano.
782 1720 897 1757 Nune
917 1733 990 1770 qua
1008 1719 1154 1756 ratione
1173 1718 1274 1769 quod
1292 1718 1414 1755 instat

320 1771 510 1821 Expedias
529 1772 662 1820 victor,
681 1773 820 1823 pauciS,
840 1773 1005 1819 adverte,
1024 1773 1176 1809 docebo.

319 1826 484 1863 Arcades
504 1826 563 1862 his
582 1827 667 1873 oris,
687 1839 806 1876 genus
826 1840 848 1863 a
868 1826 1040 1863 Pallante
1059 1825 1282 1876 profectum,

321 1877 395 1924 Qui
414 1892 542 1929 regem
562 1879 784 1917 Evandrum
804 1879 973 1926 comites,
993 1879 1057 1928 qui
1078 1879 1186 1929 signa
1204 1876 1335 1923 secuti,

321 1930 505 1982 Delegere
523 1932 659 1979 locum,
679 1935 718 1970 et
737 1946 892 1982 posuere
911 1933 951 1969 in
970 1932 1164 1969 montibus
1182 1931 1327 1976 urbem,

321 1983 507 2022 Pallantis
525 1985 655 2035 proavi
674 1986 720 2023 (le
738 1986 890 2023 nomine
910 1985 1150 2022 Pallanteum
1165 2000 1173 2021 ε

321 2036 378 2073 Hi
397 2038 537 2074 bellum
557 2039 704 2075 assidue
723 2039 871 2076 ducunt-
890 2052 974 2076 cum
995 2041 1110 2088 gente
1130 2036 1293 2084 Latina3

321 2089 407 2126 Hos
427 2091 559 2128 castris
579 2092 714 2129 adhibe
734 2092 863 2137 socios,
883 2094 922 2129 et
941 2092 1081 2128 foedera
1093 2090 1225 2141 junge.

321 2141 409 2192 Ipse
429 2156 498 2193 ego
517 2146 557 2181 te
575 2144 665 2194 ripis
684 2147 724 2181 et
743 2147 846 2182 recto
866 2145 1020 2181 flumine
1040 2144 1186 2188 ducam,

319 2196 534 2234 Adversum
552 2197 665 2234 remis
685 2211 834 2246 superes
853 2198 1056 2234 subvectus
1075 2199 1120 2232 ut
1139 2208 1300 2232 amnem.

322 2248 442 2299 Surge
462 2263 542 2299 age,
562 2253 650 2287 nate
670 2250 760 2295 dea3
788 2250 991 2300 primisque
1011 2248 1231 2286 cadentibus
1250 2246 1361 2284 astris

321 2301 346 2338 J
351 2303 468 2339 unoni
487 2303 542 2340 fer
560 2303 632 2340 rite
650 2316 788 2353 preces,
808 2303 977 2351 iramque
995 2302 1190 2350 minasque

322 2354 562 2405 Supplicibus
581 2370 714 2406 supera
733 2356 843 2393 votis.
900 2355 1001 2392 Mihi
1020 2355 1142 2391 victor
1160 2354 1342 2390 honorem

320 2407 528 2446 PersolveS.
583 2410 669 2460 Ego
689 2422 784 2455 sum,
804 2409 913 2459 pleno
933 2422 1044 2458 quem
1064 2407 1218 2444 flumine
1237 2405 1357 2443 cernis

321 2461 582 2512 Stringentem
601 2464 712 2512 ripas,
732 2468 770 2500 et
790 2461 945 2512 pinguia
963 2461 1066 2498 culta
1085 2463 1286 2506 secantem,

321 2512 512 2553 Caeruleus
532 2516 709 2566 Thybris,
729 2516 822 2553 coelo
841 2514 1079 2565 gratissimus
1099 2512 1231 2551 amnis.

320 2566 398 2604 Hic
418 2568 512 2605 mihi
533 2582 670 2619 magna
688 2569 833 2614 domus,
853 2568 959 2606 celsis
979 2570 1093 2617 caput
1111 2566 1279 2611 urbibus,
1299 2564 1357 2601 exi
1380 2563 1419 2601 .''

371 2620 494 2669 Dixit,
514 2622 647 2660 deinde
665 2622 749 2660 lacu
768 2622 927 2659 Fluvius
946 2635 984 2659 se
1003 2619 1173 2658 condidit
1192 2619 1281 2664 alto,
