1705 2744
620 53 864 81 GEORGICON
882 54 966 80 LIB.
987 54 1054 80 ΠΙ.

196 150 430 201 Corripuere,
449 152 642 199 ruuntque
660 150 769 188 effusi
788 162 933 187 carcere
951 163 1094 195 currus,

198 205 327 251 Quum
345 218 429 255 spes
449 207 605 241 arrectae
618 204 816 254 juvenum,
836 203 1141 252 exsultantiaque
1159 202 1290 239 hamit

197 258 323 296 Corda
339 271 457 308 pavor
474 257 629 308 pulsans
644 273 652 304 ;
680 257 736 294 illi
753 257 902 294 instant
921 257 1074 294 verbere
1092 259 1210 302 torto,

197 311 254 349 Et
272 311 383 362 proni
401 311 495 348 dant
513 311 615 357 lora;
642 310 748 348 volat
762 310 801 347 vi
819 310 985 348 fervidus
1005 310 1106 355 axis3

197 365 364 415 Jamque
382 364 558 411 humiles,
571 364 727 415 jamque
747 364 837 402 elati
855 364 1016 401 sublime
1035 363 1214 401 videntur

196 418 301 456 Aera
317 432 384 469 per
402 432 565 456 vacuum
582 418 682 464 ferri,
702 420 816 467 atque
835 430 1029 468 assurgere
1048 417 1089 454 in
1108 430 1215 454 auras
1230 433 1238 463 ;

196 471 281 510 Nec
300 486 418 518 mora,
437 485 506 510 nec
525 471 695 521 requies3
724 474 764 509 at
784 471 899 509 fulvae
917 471 1070 508 nimbus
1090 484 1212 508 arenae

197 525 385 573 Tollitur3
412 526 643 563 humescunt
662 525 806 575 spumis
825 525 994 574 flatuque
1013 528 1240 574 sequentum
1257 540 1264 561 :

197 579 346 616 Tantus
366 593 472 617 amor
489 579 657 625 laudum,
676 581 799 616 tantae
817 582 876 616 est
894 579 1054 616 victoria
1073 591 1184 615 curae.

198 632 351 670 Primus
370 633 648 671 Erichthonius
668 646 799 670 currus
818 634 857 669 et
876 634 1040 681 quatuor
1058 645 1170 669 ausus

197 686 226 723 J
228 700 370 737 ungere
389 700 515 736 equos,
534 686 760 737 rapidusque
778 685 872 723 rotis
890 685 1064 723 insistere
1077 685 1212 723 victor.

199 740 325 777 Frena
344 740 581 778 Pelethronii
596 739 774 790 Lapithae
792 753 982 790 gyrosque
1001 739 1135 777 dedere

198 793 379 844 Impositi
398 794 520 840 dorso,
540 796 654 842 atque
673 793 841 842 equitem
860 793 1018 830 docuere
1037 793 1107 830 sub
1126 791 1241 830 armis

198 846 393 884 Insultare
412 848 503 893 solo,
522 849 562 884 et
581 860 731 897 gressus
751 846 960 896 glomerare
979 847 1170 897 superbos.

198 900 348 950 AEquus
367 903 527 950 uterque
545 900 674 946 labor3
703 913 809 950 aeque
822 900 1080 950 juvenemque
1097 899 1275 951 magistri

198 954 420 1004 Exquirunt
439 954 676 1003 calidumque
696 954 832 991 animis
851 957 890 992 et
910 954 1081 992 cursibus
1101 967 1248 999 acrem3

199 1008 382 1054 Quamvis
401 1020 500 1058 saepe
518 1007 610 1058 fuga
628 1021 755 1045 versos
774 1007 839 1045 ille
858 1008 980 1058 egerit
1000 1008 1142 1053 hostes,

197 1061 255 1098 Et
272 1061 437 1112 patriam
456 1061 619 1111 Epirum
637 1061 775 1099 referat
794 1061 985 1111 fortesque
1004 1061 1202 1112 MycenaS,

198 1115 448 1165 Neptunique
467 1115 549 1165 ipsa
568 1115 730 1153 deducat
751 1115 896 1166 origine
915 1117 1082 1166 gentem.

252 1168 329 1206 His
344 1168 614 1206 animadversis
632 1169 782 1206 instant
801 1169 871 1206 sub
889 1171 1054 1219 tempuS,
1075 1171 1114 1207 et
1134 1182 1265 1207 omnes

199 1222 438 1273 Impendunt
457 1236 564 1260 curas
583 1222 699 1260 denso
719 1222 933 1260 distendere
950 1222 1098 1273 pingui,

201 1276 324 1323 Quem
341 1276 465 1327 legere
484 1276 629 1322 ducem,
649 1279 689 1314 et
708 1276 833 1326 pecori
851 1276 977 1314 dixere
995 1276 1200 1321 maritum,

201 1329 468 1380 Pubentesque
487 1332 617 1368 secant
634 1330 782 1377 herbas,
800 1330 1009 1380 fluviosque
1026 1330 1260 1368 ministrant.

202 1382 405 1433 Farraque,
424 1397 471 1422 ne
490 1384 628 1422 blando
647 1386 811 1434 nequeat
830 1397 1022 1434 superesse
1041 1384 1171 1430 labori,

202 1436 441 1487 Invalidique
458 1441 613 1488 patrum
630 1438 796 1476 referant
807 1437 953 1489 jejunia
968 1438 1063 1476 nati.

203 1489 294 1540 Ipsa
312 1493 441 1528 autem
458 1491 577 1529 macie
594 1493 758 1529 tenuant
777 1495 951 1530 armenta
968 1492 1150 1538 volentes,

203 1543 345 1592 Atque,
363 1544 430 1581 ubi
448 1545 672 1582 concubitus
689 1545 832 1595 primos
845 1545 928 1595 jam
945 1548 1039 1583 nota
1056 1546 1232 1595 voluptas

204 1596 406 1644 Sollicitat,
423 1598 647 1648 frondesque
664 1601 809 1649 negant
828 1601 867 1636 et
885 1599 1056 1637 fontibus
1074 1601 1216 1637 arcent.

204 1650 312 1700 Saepe
331 1651 447 1688 etiam
466 1665 577 1689 cursu
595 1652 786 1702 quatiunt,
806 1655 846 1690 et
864 1652 941 1690 sole
958 1652 1137 1703 fatigant,

205 1703 335 1750 Quum
353 1704 520 1755 graviter
538 1705 662 1743 tunsis
681 1706 802 1757 gemit
822 1719 907 1744 area
924 1706 1109 1757 frugibus,
1129 1709 1168 1744 et
1188 1720 1306 1757 quum

205 1757 436 1807 Surgentem
455 1758 503 1796 ad
521 1759 731 1810 zephyrum
749 1759 866 1810 paleae
879 1759 1078 1810 jactantur
1097 1760 1237 1798 inanes.

204 1810 294 1848 Hoc
314 1811 471 1858 faciunt,
491 1812 610 1850 nimio
628 1826 677 1850 ne
695 1813 788 1850 luxu
807 1813 980 1851 obtusior
997 1827 1089 1851 usus

206 1864 266 1901 Sit
285 1865 444 1915 genitali
463 1879 564 1912 arvo,
584 1868 624 1904 et
643 1866 765 1904 sulcos
785 1867 944 1905 oblimet
961 1867 1127 1913 inertes;

206 1918 280 1956 Sed
299 1919 423 1969 rapiat
443 1919 576 1957 sitiens
595 1919 794 1966 Venerem,
813 1920 1049 1971 interiusque
1066 1920 1259 1959 recondat.

260 1971 410 2010 Rursus
430 1986 519 2010 cura
537 1976 692 2023 patrum
711 1974 854 2021 cadere,
875 1977 914 2012 et
933 1975 1132 2012 succedere
1149 1977 1320 2012 matrum

206 2025 362 2076 Incipit.
418 2026 576 2064 Exactis
595 2027 764 2078 gravidae
783 2041 901 2078 quum
920 2028 1114 2066 mensibus
1134 2031 1275 2075 errant,

206 2079 299 2117 Non
317 2080 401 2118 illas
420 2080 600 2131 gravibus
620 2081 821 2132 quisquam
835 2081 931 2132 juga
950 2082 1085 2120 ducere
1104 2082 1298 2133 plaustris,

206 2133 300 2171 Non
318 2134 417 2172 saltu
438 2147 614 2185 superare
632 2135 735 2172 viam
753 2135 806 2173 sit
823 2149 967 2186 passm,
987 2139 1028 2174 et
1046 2136 1123 2174 acri

209 2186 370 2237 Carpere
387 2190 499 2238 prata
517 2188 619 2239 fuga,
638 2189 850 2240 fluviosque
868 2189 1000 2227 innare
1019 2203 1171 2240 rapaces
1186 2207 1193 2228 :

208 2240 376 2279 Saltibus
395 2242 436 2279 in
454 2242 582 2280 vacuis
601 2245 770 2292 pascant,
791 2245 831 2280 et
849 2243 962 2293 plena
980 2244 1191 2282 secundum

209 2293 398 2341 Flumina,
416 2309 569 2333 muscus
588 2296 655 2334 ubi
672 2299 712 2334 et
730 2297 960 2335 viridissima
978 2298 1150 2348 gramine
1168 2298 1262 2348 ripa,

210 2346 478 2400 Speluncaeque
496 2351 646 2400 tegant,
665 2352 705 2388 et
724 2364 835 2389 saxea
852 2352 1038 2402 procubet
1056 2352 1204 2389 umbra.

209 2399 286 2439 Est
302 2401 407 2440 lucos
426 2403 537 2441 Silari
555 2403 654 2441 circa
670 2404 894 2455 ilicibusque
912 2405 1102 2443 virentem

210 2453 403 2493 Plurimus
421 2457 640 2495 Alburnum
658 2458 835 2504 volitans,
855 2458 915 2496 cui
935 2472 1076 2497 nomen
1095 2459 1188 2497 asilo

212 2506 430 2547 Romanum
448 2513 519 2557 est,
537 2513 700 2549 oestrum
719 2512 826 2550 Graii
843 2514 992 2550 vertere
1010 2515 1215 2559 vocantes3

212 2560 344 2613 Asper,
363 2564 495 2602 acerba
512 2578 649 2603 sonans
664 2581 672 2613 ;
700 2579 775 2617 quo
793 2567 880 2604 tota
897 2566 1081 2605 exterrita
1099 2566 1205 2604 silvis

1425 44 1476 81 69
