1705 2744
203 110 280 148 166
609 120 644 147 1².
664 119 850 146 vmeitn
869 119 1057 147 Manoms

204 214 398 253 Verrimus
418 216 457 252 et
475 214 585 265 proni
603 214 836 252 certantibus
855 227 1006 263 aequora
1024 215 1147 252 remis.

203 268 341 314 Sensit,
361 270 400 306 et
419 268 467 305 ad
485 268 653 305 sonitum
671 268 773 305 vocis
792 268 953 317 vestigia
971 269 1097 305 torsit.

202 321 345 359 Verum
364 321 429 358 ubi
447 321 551 358 nulla
568 321 680 358 datur
699 321 831 358 dextra
849 321 1021 358 affectare
1039 323 1218 371 potestas,

204 374 287 411 Nec
306 374 406 424 potis
426 374 554 411 Ionios
572 374 710 411 fluctus
731 387 876 424 aequare
896 374 1094 422 sequendo,

205 427 418 464 Clamorem
437 427 665 464 immensum
684 426 809 472 tollit;
838 440 911 476 quo
930 430 1069 476 pontus
1090 429 1128 464 et
1148 439 1276 465 omnes

205 480 441 518 Intremuere
459 480 581 523 undae,
601 479 825 529 penitusque
844 479 1023 517 exterrita
1041 480 1153 517 tellus

204 533 341 578 Italiae,
362 533 557 582 curvisque
575 532 769 582 immugiit
789 532 908 569 AEtna
927 533 1105 570 cavernis

203 587 260 623 At
278 600 397 636 genus
417 600 436 623 e
455 586 557 622 silvis
577 585 786 635 Cyelopum
805 588 843 623 et
862 586 1055 623 montibus
1074 586 1160 623 altis

205 639 387 676 Excitum
406 639 484 676 ruit
504 639 549 676 ad
568 642 712 689 portus,
732 641 771 676 et
789 638 902 676 litora
919 639 1122 688 complent.

206 692 404 729 Cernimus
424 692 617 729 adstantes
636 692 890 742 nequidquam
907 692 1049 729 lumine
1068 695 1178 730 torvo

205 745 376 783 AEtnaeos
395 746 541 791 fratres,
561 745 654 782 coelo
674 745 798 795 capita
820 745 897 782 alta
914 745 1087 791 ferentes,

206 798 417 836 Concilium
435 799 687 836 horrendum:
717 798 843 847 quales
863 811 980 847 quum
998 798 1138 836 vertice
1158 798 1255 837 celso

205 852 329 889 A'eriae
349 865 516 901 quercus,
537 854 603 888 aut
623 851 794 889 coniferae
813 851 995 901 cyparissi

207 905 485 950 Constiterunt,
505 905 598 942 silva
617 905 694 942 alta
712 904 737 941 J
742 904 833 950 ovis,
853 905 1005 941 lucusve
1025 904 1173 941 Dianae.

207 958 425 1008 Praecipites
445 960 568 995 metus
588 972 671 996 acer
689 958 770 1008 agit
790 971 1024 1007 quocumque
1042 958 1220 995 rudentes

206 1012 408 1057 Excutere,
428 1014 466 1049 et
486 1011 609 1049 ventis
628 1011 820 1048 intendere
838 1012 920 1048 vela
938 1011 1121 1048 secundis.

210 1064 373 1114 [Contra
385 1065 491 1115 jussa
508 1067 666 1102 monent
686 1064 836 1110 Heleni,
858 1064 1021 1114 Scyllam
1041 1067 1153 1113 atque
1174 1063 1407 1114 Charybdim

207 1118 317 1155 Inter
336 1122 535 1167 utramque
553 1118 665 1164 viam,
684 1118 752 1155 leti
771 1117 983 1155 discrimine
1001 1131 1128 1167 parvo,

206 1171 262 1208 Ni
279 1174 435 1209 teneant
455 1185 607 1217 cursus,
636 1174 782 1209 certum
803 1173 861 1208 est
881 1171 968 1207 dare
986 1171 1103 1208 lintea
1122 1170 1255 1220 retro]

207 1225 307 1262 Ecce
326 1227 455 1262 autem
474 1224 614 1262 Boreas
634 1228 797 1274 angusta
815 1225 861 1261 ab
881 1224 966 1261 sede
986 1223 1112 1261 Pelori

207 1277 350 1315 Missus
370 1278 487 1315 adest.
542 1278 640 1315 Vivo
659 1277 912 1327 praetervehor
930 1277 1027 1314 ostia
1046 1290 1133 1314 saxo

207 1331 414 1381 Pantagiae,
436 1331 687 1381 Megarosque
707 1331 821 1376 sinus,
842 1330 1108 1379 Thapsumque
1123 1330 1325 1380 jacentem.

207 1384 315 1422 Talia
332 1385 570 1422 monstrabat
589 1385 757 1434 relegens
777 1386 898 1421 errata
916 1386 1124 1420 retrorsum

206 1437 340 1475 Litora
359 1437 645 1483 Achemenides,
665 1450 788 1474 comes
807 1437 964 1474 infelicis
985 1436 1100 1473 Ulixi.

261 1494 281 1509 “
295 1490 442 1528 Sicanio
461 1493 646 1540 praetenta
665 1491 750 1527 sinu
761 1490 863 1540 jacet
882 1489 1004 1526 insula
1023 1492 1154 1526 contra

208 1544 445 1594 Plemyrium
464 1544 649 1583 undosum
666 1560 673 1589 3
701 1556 839 1580 nomen
859 1543 983 1580 dixere
1002 1542 1142 1592 priores

208 1597 423 1647 Ortygiam.
480 1597 673 1646 Alpheum
691 1597 791 1633 fama
809 1598 867 1633 est
886 1596 960 1633 huc
980 1595 1102 1632 Elidis
1123 1607 1274 1632 amnem

212 1651 390 1687 Occultas
410 1650 530 1700 egisse
549 1650 627 1687 vias
647 1650 777 1687 subter
795 1662 908 1694 mare,
929 1649 993 1698 qui
1011 1662 1111 1685 nunc

211 1703 296 1749 Ore,
316 1703 520 1749 Arethusa,
539 1705 607 1740 tuo
628 1703 762 1740 Siculis
783 1702 1026 1740 confunditur
1045 1701 1168 1738 undis.

210 1756 238 1793 J
240 1757 317 1794 ussi
336 1757 492 1793 numina
510 1770 651 1806 magna
668 1756 740 1793 loci
759 1769 1001 1801 veneramur3
1029 1758 1068 1792 et
1086 1755 1174 1792 inde

209 1810 406 1860 Exsupero
424 1810 644 1860 praepingue
664 1809 786 1847 solum
805 1808 1019 1859 stagnantis
1039 1808 1183 1845 Helori.

210 1862 316 1900 Hinc
336 1864 431 1900 altas
451 1866 579 1900 cautes
598 1863 837 1914 projectaque
856 1875 944 1899 saxa
963 1861 1135 1912 Pachyni

210 1915 418 1961 Radimus;
447 1919 485 1953 et
505 1916 593 1953 fatis
611 1929 807 1965 nunquam
825 1928 999 1953 concessa
1018 1915 1160 1952 moveri

210 1969 380 2019 Apparet
401 1969 600 2006 Camarina
617 1969 759 2019 procul,
780 1969 975 2018 campique
995 1968 1115 2014 Geloi,

212 2021 470 2071 Immanisque
491 2022 585 2059 Gela
603 2023 709 2058 fluvii
729 2022 951 2072 cognomine
971 2021 1083 2058 dicta.

211 2075 367 2112 Arduus
385 2075 472 2112 inde
491 2075 658 2124 Acragas
677 2077 847 2112 ostentat
866 2074 1031 2111 maxima
1048 2073 1160 2123 longe

212 2128 369 2174 Moenia,
388 2128 675 2177 magnanimum
695 2128 884 2176 quondam
903 2129 1101 2176 generator
1120 2138 1314 2175 equorum.

212 2181 341 2230 Teque
360 2181 458 2218 datis
478 2181 608 2230 linquo
629 2181 763 2225 ventis,
781 2180 950 2230 palmosa
969 2179 1129 2225 Selinus,

212 2235 268 2271 Et
287 2234 383 2271 vada
402 2234 496 2271 dura
512 2234 597 2284 lego
617 2234 714 2270 saxis
734 2233 908 2283 Lilybeia
927 2232 1045 2278 caecis,

212 2287 318 2325 Hinc
337 2287 505 2337 Drepani
524 2300 584 2324 me
602 2289 736 2336 portus
755 2291 794 2324 et
812 2285 1012 2323 illaetabilis
1032 2298 1096 2322 ora

211 2341 377 2390 Accipit.
434 2340 522 2386 Hic,
542 2340 673 2390 Pelagi
691 2342 752 2377 tot
771 2339 1064 2389 tempestatibus
1083 2339 1202 2383 actus,

213 2394 325 2432 Heu!
355 2394 577 2444 genitorem,
597 2393 718 2430 omnis
738 2406 836 2430 curae
855 2405 1036 2441 casusque
1055 2392 1236 2436 levamen,

213 2447 367 2485 Amitto
386 2447 601 2485 Anchisen:
630 2446 692 2484 hic
710 2459 782 2492 me,
801 2448 909 2496 pater
927 2445 1080 2495 optime,
1100 2444 1242 2481 fessum

214 2500 378 2546 Deseris,
397 2500 473 2538 heu
489 2501 496 2537 1
525 2500 644 2537 tantis
663 2499 918 2550 nequidquam
938 2501 1063 2548 erepte
1082 2497 1240 2547 periclis.

215 2554 298 2591 Nec
316 2556 423 2591 vates
442 2553 626 2599 Helenus,
647 2566 765 2602 quum
784 2553 907 2589 multa
925 2551 1113 2589 horrenda
1131 2551 1315 2597 moneret,

215 2607 300 2645 Hos
319 2607 414 2645 mihi
432 2607 606 2658 praedixit
624 2606 764 2654 luctus,
783 2620 860 2643 non
879 2605 959 2643 dira
979 2604 1139 2643 Celaeno.
