1674 2775
233 99 311 136 332
638 109 673 135 1¹.
693 109 882 136 VIRGILII
909 109 1099 138 MARoms

230 203 328 240 Inde
347 203 430 241 aliae
450 203 614 241 celerant
633 217 775 241 cursus.
831 205 970 254 Stupet
989 206 1128 243 inscius
1147 206 1227 256 ipse

231 257 327 294 Tros
347 257 595 294 Anchisiades
611 274 618 304 ;
647 257 792 295 animos
812 259 943 295 tamen
962 259 1087 296 omine
1106 260 1223 297 tollit.

231 310 332 347 Tum
350 310 516 347 breviter
535 324 669 360 supera
687 313 884 361 aspectans
905 325 1070 349 convexa
1089 316 1286 362 precatur:

231 367 252 382 ‘⁴
269 364 383 400 Alma
401 377 535 413 parens
556 363 661 400 Idaea
679 364 803 409 deum,
824 364 883 401 cui
903 365 1100 415 Dindyma
1119 367 1233 412 cordi,

230 417 520 467 Turrigeraeque
539 417 662 463 urbes,
682 417 877 468 bijugique
898 418 945 454 ad
963 418 1069 456 frena
1086 419 1211 456 leones
1229 436 1237 465 ;

230 470 291 507 Tu
309 470 405 506 mihi
423 483 524 507 nunc
543 483 683 520 pugnae
704 471 888 520 princeps,
907 474 953 507 tu
971 471 1044 509 rite
1063 473 1290 522 propinques

230 523 458 574 Augurium,
479 523 773 574 Phrygibusque
792 524 890 561 adsis
909 525 1014 573 pede,
1035 525 1132 570 diva,
1153 526 1356 563 secund0.'’

231 577 401 614 Tantum
420 577 555 614 effatus
571 593 577 614 :
608 580 647 614 et
665 577 811 614 interea
829 577 1003 615 revoluta
1021 578 1157 616 ruebat

230 630 389 667 Matura
401 629 482 680 jam
501 630 584 667 luce
603 630 693 676 (1163,
713 632 938 681 noctemque
957 631 1120 681 fugarat.

283 683 475 733 Principio
496 683 604 720 sociis
625 683 750 729 edicit,
770 683 878 734 signa
897 687 1114 733 sequantur,

229 736 359 786 Atque
378 736 522 774 animos
542 740 677 786 aptent
696 737 821 783 armis,
840 751 1053 788 pugnaeque
1071 739 1206 788 parent
1226 751 1275 775 se.

229 789 394 839 Jamque
413 790 453 827 111
472 793 676 840 conspectu
695 790 859 828 Teucros
878 791 994 828 habet
1014 793 1052 828 et
1072 805 1140 828 sua
1158 794 1292 837 castra,

230 843 344 880 Stans
364 843 462 880 celsa
480 843 521 880 in
539 843 657 894 puppi
673 860 680 881 ε
711 843 875 893 clipeum
894 858 1012 893 quum
1031 844 1165 882 deinde
1185 845 1338 883 sinistra

229 896 386 934 Extulit
406 897 614 934 ardentem.
670 896 885 935 Clamorem
904 898 952 934 ad
970 897 1092 935 sidera
1109 898 1252 935 tollunt

229 949 458 987 Dardanidae
478 963 497 987 e
515 950 633 988 muris
651 966 658 997 ;
687 964 770 1000 spes
790 951 920 988 addita
937 951 1098 988 suscitat
1117 951 1190 988 iras
1206 968 1213 998 ;

229 1002 323 1040 Tela
341 1017 456 1040 manu
468 1003 629 1054 jaciunt.
687 1004 822 1050 Quales
843 1005 913 1042 sub
932 1005 1096 1042 nubibus
1115 1004 1208 1042 atris

229 1056 459 1107 Strymoniae
479 1057 572 1094 dant
592 1057 702 1108 signa
719 1071 842 1107 grues,
863 1060 976 1106 atque
995 1058 1140 1095 aethera
1158 1061 1315 1095 tranant

229 1109 327 1147 Cum
347 1110 487 1157 sonitu,
507 1110 736 1161 fugiuntque
755 1113 867 1148 notos
887 1111 1048 1148 clamore
1067 1112 1243 1149 secundo.

228 1164 284 1200 At
303 1163 451 1201 Rutulo
470 1164 552 1214 regi
571 1164 801 1213 ducibusque
821 1178 864 1202 ea
882 1164 978 1202 mira
995 1164 1115 1202 videri

227 1217 407 1254 Ausoniis
425 1233 433 1264 3
462 1217 579 1255 donec
597 1231 724 1255 versas
744 1218 791 1254 ad
809 1218 923 1255 litora
940 1231 1085 1268 puppes

228 1269 467 1320 Respicitmt,
485 1272 689 1320 totumque
709 1271 820 1308 allabi
839 1271 1018 1308 classibus
1038 1284 1175 1321 aequor.

226 1324 351 1361 Ardet
370 1337 462 1374 apex
481 1324 608 1374 capiti,
628 1324 826 1374 cristisque
846 1337 868 1361 a
886 1324 1025 1362 vertice
1044 1324 1197 1361 flamma

228 1376 435 1423 Funditur,
455 1379 493 1415 et
512 1380 640 1414 vastos
659 1378 775 1414 umbo
795 1377 917 1415 vomit
937 1390 1070 1414 aureus
1090 1377 1196 1426 ignes
1213 1393 1221 1414 :

227 1430 320 1467 Non
339 1443 445 1467 secus
466 1444 508 1468 ac
526 1431 670 1479 liquida
689 1431 720 1467 si
739 1431 889 1480 quando
908 1433 1020 1468 nocte
1040 1433 1200 1467 cometae

228 1483 436 1533 Sanguinei
453 1484 615 1533 lugubre
634 1484 785 1529 rubent,
805 1487 872 1521 aut
891 1483 1009 1520 Sirius
1029 1484 1138 1520 ardor
1156 1500 1163 1520 :

227 1536 299 1574 Ille
318 1536 424 1574 sitim
442 1537 667 1586 morbosque
686 1537 807 1574 ferens
826 1537 1050 1574 mortalibus
1071 1536 1182 1586 aegris

227 1590 424 1635 Nascitur,
444 1592 484 1627 et
502 1589 598 1627 laevo
618 1590 822 1627 contristat
840 1590 983 1627 lumine
1003 1589 1154 1626 coelum.

280 1643 401 1680 Haud
418 1645 549 1680 tamen
568 1643 700 1680 audaci
719 1643 849 1680 Turno
868 1643 1006 1679 fiducia
1025 1643 1138 1679 cessit

227 1696 362 1734 Litora
381 1696 593 1746 praecipere,
613 1699 652 1734 et
671 1696 865 1734 venientes
884 1696 1020 1746 pellere
1040 1699 1151 1733 terra.

230 1749 365 1800 [Ultro
384 1750 529 1787 animos
549 1750 653 1786 tollit
673 1749 796 1795 dictis,
816 1753 930 1799 atque
949 1749 1118 1799 increpat
1138 1749 1239 1786 ultro
1256 1748 1283 1798 z]

228 1806 249 1822 “
264 1803 376 1850 Quod
393 1803 494 1840 votis
514 1803 676 1853 optastis
696 1803 814 1849 adest,
840 1803 1070 1853 perfringere
1090 1803 1234 1839 dextra.

228 1856 278 1893 In
296 1856 472 1894 manibus
492 1857 600 1894 Mars
618 1856 710 1906 ipse,
729 1856 812 1893 viri.
869 1856 909 1893 N
912 1870 985 1893 unc
1005 1855 1177 1906 conjugis
1197 1857 1279 1892 csto
1308 1890 1316 1900 ,

228 1910 396 1960 Quisque
416 1923 490 1947 suae
510 1910 679 1959 tectique
698 1923 844 1947 memor
861 1926 869 1956 ;
896 1923 998 1946 nunc
1017 1922 1158 1959 magna
1176 1909 1315 1946 referto

228 1962 361 2009 Facta,
380 1966 535 2013 patrum
554 1963 694 2000 laudes.
751 1963 866 2000 Ultro
887 1976 1124 2000 occurramus
1145 1962 1192 1999 ad
1210 1963 1364 2009 undam,

228 2016 335 2053 Dum
353 2016 504 2066 trepidi,
523 2017 736 2066 egressique
754 2017 885 2054 labant
903 2016 1066 2066 vestigia
1084 2015 1217 2066 prima.

227 2069 425 2107 Audentes
444 2070 598 2107 fortuna
610 2070 763 2120 juvat.”

228 2123 327 2160 Haec
346 2123 412 2168 ait,
432 2126 471 2160 et
491 2136 618 2160 secum
637 2126 774 2168 versat,
795 2136 888 2172 quos
907 2123 1042 2159 ducere
1062 2124 1204 2167 contra,

227 2176 300 2214 Vel
319 2176 454 2226 quibus
474 2176 643 2213 obsessos
662 2176 783 2226 possit
803 2176 1023 2213 concredere
1042 2188 1181 2211 muros.

282 2229 437 2267 Interea
455 2229 595 2267 AEneas
615 2229 734 2266 socios
755 2229 800 2266 de
819 2228 1008 2278 puppibus
1028 2228 1116 2265 altis

229 2282 418 2320 Pontibus
438 2283 605 2332 exponit.
661 2282 784 2319 Multi
803 2295 949 2319 servare
967 2294 1139 2318 recursus

228 2336 466 2387 Languentis
485 2335 621 2386 pelagi,
641 2338 680 2373 et
699 2335 876 2373 brevibus
896 2348 934 2371 se
954 2335 1101 2372 credere
1121 2333 1243 2380 saltu;

229 2389 304 2427 Per
322 2403 444 2427 remos
464 2389 539 2427 alii.
595 2389 817 2438 Speculatus
836 2388 951 2425 litora
969 2387 1157 2432 Tarchon,

229 2443 314 2489 Qua
332 2443 429 2480 Vada
446 2456 523 2480 non
543 2442 700 2492 spirant,
719 2455 787 2479 nec
806 2441 927 2479 fracta
944 2441 1199 2478 remurmurat
1218 2439 1331 2486 unda,

229 2495 304 2533 Sed
321 2510 424 2534 mare
443 2496 671 2533 inoffensum
690 2495 873 2533 crescenti
891 2494 1069 2532 allabitur
1088 2496 1194 2539 aestu,

228 2550 411 2587 Advertit
430 2549 556 2587 subito
575 2562 716 2599 proraS‚
737 2548 929 2597 sociosque
948 2549 1123 2598 precatur
1139 2563 1146 2584 :

229 2606 250 2622 “
267 2603 395 2650 Nunc,
414 2616 436 2641 o
455 2603 555 2641 lecta
572 2616 718 2650 manus,
739 2601 872 2639 validis
891 2600 1101 2638 incumbite
1120 2599 1234 2637 remis
1252 2615 1260 2636 :
