1705 2744
318 87 338 107 θ
621 110 810 138 AENEHJOS
829 109 912 136 Lm.
932 109 990 135 IV.

171 209 264 247 Non
283 208 392 246 aliter
411 220 526 258 quam
545 206 577 244 si
593 205 774 244 immissis
792 206 881 243 ruat
899 203 1075 241 hostibus
1094 203 1217 241 omnis

172 262 377 312 Carthago,
397 263 464 298 aut
483 260 640 310 antiqua
656 260 797 310 Tyros3
824 258 1060 307 flammaeque
1078 257 1245 294 furentes

173 315 350 353 Culmina
367 327 506 366 perque
523 313 724 352 hominum
740 312 946 350 volvantur
963 323 1103 361 perque
1123 310 1290 372 deorum.

176 1103 312 1140 Audiit
331 1103 523 1150 exanimis,
541 1103 764 1153 trepidoque
783 1101 963 1139 exterrita
981 1115 1103 1147 cursu,

177 1156 382 1207 Unguibus
402 1170 467 1194 ora
485 1170 589 1194 soror
606 1156 752 1194 foedans
772 1158 811 1193 et
829 1157 983 1206 pectora
999 1155 1150 1205 pugnis,

177 1209 252 1247 Per
270 1210 413 1248 medios
432 1210 522 1257 ruit,
542 1224 584 1247 ao
602 1209 829 1247 morientem
847 1208 999 1246 nomine
1019 1208 1179 1246 elamat:

177 1266 199 1283 “
212 1263 301 1301 Hoc
319 1263 425 1310 illud,
444 1277 636 1314 germana,
654 1263 728 1300 fuit
743 1262 760 1300 Ρ
788 1275 849 1299 me
868 1262 998 1299 fraude
1016 1262 1172 1312 petebas
1188 1260 1206 1298 ?

178 1316 267 1354 Hoc
285 1330 399 1367 rogus
418 1317 490 1354 iste
509 1317 616 1363 mihi,
634 1316 707 1354 hoe
725 1316 833 1366 ignes
852 1328 998 1365 araeque
1016 1316 1200 1365 parabant
1215 1314 1233 1352 P

179 1369 280 1416 Quid
297 1370 463 1419 primum
482 1370 630 1408 deserta
648 1368 811 1420 querar?
840 1369 1073 1413 comitemne
1086 1382 1250 1406 sororem

179 1423 365 1473 Sprevisti
381 1423 544 1461 moriens
559 1423 577 1461 ⁴?
634 1423 780 1460 Eadem
799 1436 859 1460 me
878 1422 926 1459 ad
943 1422 1023 1459 fata
1041 1435 1210 1459 vocasses
1225 1438 1232 1459 :

179 1475 291 1514 Idem
309 1477 438 1514 ambas
456 1477 554 1514 ferro
573 1476 690 1523 dolor,
711 1478 824 1527 atque
843 1476 974 1513 eadem
991 1476 1086 1513 hora-
1103 1476 1267 1513 tufisset.

180 1528 256 1566 His
275 1529 392 1567 etiam
410 1530 533 1567 struxi
551 1530 738 1576 manibus,
756 1529 974 1580 patriosque
992 1529 1126 1566 vocavi

180 1581 283 1619 Voce
303 1582 402 1629 deos,
422 1583 474 1621 sie
492 1586 533 1621 te
550 1586 596 1621 ut
614 1583 740 1633 posita
757 1583 918 1620 crudelis
937 1583 1104 1620 abessem
1120 1582 1137 1619 Ρ

180 1634 382 1673 Exstinxti
399 1650 460 1674 me
477 1638 603 1687 teque,
622 1650 738 1683 soror,
756 1636 1024 1687 populumque,
1045 1638 1246 1685 patresque

183 1687 367 1735 Sidonios,
386 1690 592 1740 urbemque
609 1691 730 1726 tuam.
785 1689 899 1735 Date,
918 1689 1075 1726 vulnera
1092 1688 1260 1738 lymphis

179 1741 357 1787 Abluam‚
377 1745 428 1787 et,
447 1745 638 1779 extremus
657 1743 688 1779 si
707 1742 790 1792 quis
809 1756 920 1792 super
939 1742 1082 1778 halitus
1101 1746 1213 1787 erra-t,

182 1793 257 1832 Ore
275 1795 440 1844 legam.⁷’
497 1796 558 1833 Sic
577 1796 657 1832 fata-
674 1796 813 1845 gradus
832 1798 1001 1832 evaserat
1021 1795 1129 1840 altos,

181 1847 523 1898 Semianimemque
542 1849 627 1885 sinu
645 1861 864 1898 germanam
883 1848 1054 1897 amplexa
1071 1848 1223 1885 fovebat

181 1900 280 1937 Cum
299 1902 457 1951 gemitu,
477 1905 590 1952 atque
610 1905 711 1939 atros
730 1902 893 1939 siccabat
911 1906 1016 1938 veste
1036 1914 1195 1938 cruores.

181 1953 267 1999 Illa,
287 1968 420 2004 graves
441 1955 567 1992 oculos
587 1958 723 1992 conata
741 1955 925 2001 attollere,
945 1967 1073 1991 rursus

181 2007 347 2054 Deficit3
374 2007 535 2045 infixum
554 2008 683 2045 stridit
703 2009 772 2045 sub
791 2011 942 2058 pectore
960 2008 1110 2044 vulnus.

182 2060 257 2098 Ter
276 2074 355 2098 sese
374 2061 553 2099 attollens
573 2062 775 2111 cubitoque
794 2061 930 2098 annixa
948 2060 1110 2098 levavit:

182 2113 257 2151 Ter
274 2114 447 2152 revoluta
464 2117 550 2152 toro
570 2118 639 2161 est,
660 2115 850 2164 oculisque
870 2114 1082 2151 errantibus
1102 2113 1181 2151 alto

182 2167 365 2214 Quaesivit
385 2168 478 2220 ecelo
496 2168 630 2214 lucem,
649 2168 910 2218 ingemuitque
928 2169 1087 2218 reperta.

235 2220 335 2257 Tum
355 2221 383 2258 J
385 2235 460 2259 uno
480 2222 731 2272 omnipotens,
749 2221 908 2271 longum
926 2222 1105 2258 miserata
1123 2219 1289 2257 dolorem

182 2272 438 2324 Difficilesque
457 2275 595 2321 obitus,
615 2275 711 2312 Irim
730 2275 883 2312 demisit
903 2274 1079 2325 Olympo,

183 2326 276 2372 Quae
293 2328 504 2365 luctantem
523 2329 688 2365 animam
706 2341 895 2378 nexosque
913 2327 1115 2365 resolveret
1135 2329 1251 2363 artus.

183 2379 299 2426 Nam,
318 2381 406 2430 quia
424 2395 493 2419 neo
511 2382 591 2419 fato
610 2381 748 2419 merita
765 2395 833 2419 nee
852 2383 975 2418 morte
994 2381 1152 2431 peribat⁷

185 2432 259 2470 Sed
275 2433 411 2471 misera
429 2437 519 2473 ante
537 2435 649 2480 diem,
669 2435 869 2485 subitoque
889 2448 1043 2471 accensa
1060 2434 1196 2479 surore,

184 2484 370 2523 Nondum
386 2487 442 2524 illi
459 2488 602 2525 flavum
620 2488 847 2538 Proserpina
864 2488 1005 2525 vertice
1025 2487 1167 2525 crinem

185 2538 419 2587 Abstulerat,
439 2541 650 2592 Stygioque
670 2543 785 2591 eaput
804 2542 1048 2578 damnaverat
1068 2540 1177 2578 Oreo.

183 2590 289 2642 Ergo
309 2592 382 2630 Iris
401 2595 539 2632 croceis
558 2608 624 2645 per
643 2595 782 2632 eoelum
799 2594 945 2632 roseida
962 2594 1106 2645 pennis,

1363 99 1440 137 189
