1674 2775
179 97 256 134 388
591 108 626 133 P.
647 107 835 134 Vnicum
855 107 1044 135 MAnoms

181 206 202 222 ‘⁴
218 203 339 240 Arma
357 202 425 240 citi
443 204 642 253 properate
660 203 763 240 viro!
794 203 885 254 quid
903 204 1015 241 statis
1029 203 1078 242 ⁶?'’
1110 204 1213 255 Iapis

181 256 416 300 Conclamat,
437 256 656 306 primusque
676 257 821 294 animos
841 257 1013 294 accendit
1031 257 1072 294 in
1090 258 1254 296 hostem.

181 313 202 330 ‘⁶
219 310 311 348 Non
329 310 408 347 haec
427 309 607 347 humanis
627 310 772 360 opibus,
792 324 870 347 non
889 313 970 348 arte
989 311 1176 362 magistra.

181 363 432 410 Proveniunt,
451 376 572 413 neque
591 365 643 409 te,
663 363 796 410 AEnea,
816 377 900 401 mea
920 364 1075 402 dextera
1093 367 1242 411 servat;

181 417 309 468 Major
328 417 409 467 agit
428 417 532 463 deus,
552 418 667 466 atque
687 430 800 467 opera
818 417 866 454 ad
884 418 1026 468 majora
1043 419 1192 456 remitti
1216 419 1250 456 .‘'

182 470 254 508 Ille
274 470 406 508 avidus
425 483 564 520 pugnae
583 484 688 507 suras
706 470 910 508 incluserat
930 484 1021 509 auro

182 524 288 562 Hinc
307 527 422 573 atque
441 523 541 570 hinc,
561 524 716 574 oditque
736 537 872 570 moras,
892 524 1117 575 hastamque
1137 527 1322 564 coruscat.

181 577 394 627 Postquam
412 577 550 614 habilis
568 577 680 615 lateri
699 577 840 628 clipeus
859 577 1047 628 loricaque
1065 581 1176 629 tergo
1195 583 1264 627 est,

181 631 390 668 Ascanium
409 630 501 667 fusis
521 631 663 668 circum
683 631 950 681 complectitur
969 632 1095 679 armis,

183 685 414 734 Summaque
433 698 500 734 per
518 684 666 734 galeam
686 684 854 722 delibans
875 685 1003 722 oscula
1021 685 1146 723 fatur:

185 742 206 758 “
220 738 346 784 Disce,
366 751 470 788 puer,
484 737 669 775 virtutem
691 751 737 775 ex
756 751 816 776 me
831 752 1039 788 verumque
1058 739 1247 786 laborem;

184 792 400 830 Fortunam
419 805 464 828 ex
484 791 577 828 aliis.
633 791 749 829 Nunc
768 794 808 829 te
827 805 912 829 mea
930 792 1085 829 dextera
1103 793 1202 831 bello

183 846 394 883 Defensum
414 845 532 891 dabit,
553 847 592 882 et
611 858 752 896 magna
769 845 870 883 inter
889 846 1044 895 praemia
1063 846 1189 884 ducet.

183 899 245 936 Tu
263 899 389 945 facito,
409 912 497 936 mox
517 912 637 949 quum
655 902 807 936 matura
826 899 1033 937 adoleverit
1053 902 1158 946 aetas,

183 953 242 990 Sis
262 966 418 997 memor,
438 955 477 990 et
496 954 547 999 te,
567 952 693 989 animo
712 954 949 1002 repetentem
969 953 1141 1003 exempla
1158 956 1333 1000 tuorum,

184 1006 240 1044 Et
259 1008 367 1056 pater
386 1006 538 1052 AEneas,
558 1008 597 1043 et
616 1006 824 1044 avunculus
844 1006 984 1044 excitet
1004 1007 1194 1045 Hector.’'

237 1060 334 1097 Haec
353 1059 419 1097 ubi
438 1059 541 1097 dicta
559 1059 676 1106 dedit,
695 1060 815 1110 portis
835 1073 914 1098 sese
936 1060 1074 1097 extulit
1093 1060 1241 1111 ingens,

185 1114 323 1151 Telum
341 1113 506 1150 immane
524 1127 642 1150 manu
660 1113 856 1163 quatiens:
886 1113 1000 1151 simul
1018 1114 1169 1164 agmine
1188 1115 1303 1152 denso

185 1167 439 1217 Antheusque
460 1166 763 1216 Mnestheusque
782 1169 922 1213 ruunt;
952 1168 1148 1217 omnisque
1167 1169 1309 1206 relictis

186 1221 316 1258 Turba
334 1221 420 1257 fluit
441 1220 584 1257 castris.
641 1220 743 1257 Tum
762 1234 857 1258 caeco
876 1220 1031 1271 pulvere
1051 1235 1205 1271 campus

186 1275 387 1320 Miscetur,
406 1274 593 1324 pulsuque
611 1274 751 1324 pedum
769 1274 903 1311 tremit
922 1274 1046 1311 excita
1062 1275 1188 1312 tellus.

187 1327 297 1365 Vidit
317 1329 362 1365 ab
383 1327 538 1365 adverso
557 1327 751 1365 venientes
771 1341 909 1378 aggere
929 1327 1093 1374 Turnus,

186 1382 326 1419 Videre
345 1381 518 1427 Ausonii,
538 1380 759 1431 gelidusque
778 1394 845 1431 per
863 1381 941 1418 ima
960 1381 1128 1418 cucurrit

188 1435 284 1473 Ossa
302 1437 457 1472 tremor.
514 1434 645 1471 Prima
665 1436 753 1472 ante
773 1448 902 1472 omnes
923 1434 951 1471 J
953 1437 1095 1471 uturna
1114 1433 1274 1473 Latinos

187 1488 327 1526 Audiit
346 1487 578 1538 agnovitque
598 1501 745 1534 sonum,
766 1490 805 1525 et
824 1487 1048 1525 tremefacta
1066 1487 1220 1538 refugit.

188 1542 262 1579 Ille
278 1542 394 1587 volat,
414 1554 621 1591 campoque
641 1543 768 1578 atrum
787 1541 887 1590 rapit
907 1554 1045 1591 agmen
1064 1544 1215 1591 aperto:

190 1595 321 1643 Qualis
341 1595 407 1632 ubi
426 1595 473 1632 ad
492 1598 612 1632 terras
632 1594 794 1644 abrupto
815 1594 934 1631 sidere
954 1594 1106 1632 nimbus

189 1649 232 1687 It
252 1663 354 1686 mare
373 1662 440 1699 per
458 1648 649 1685 medium:
679 1648 837 1694 miseris,
857 1648 943 1694 heu,
963 1648 1123 1698 praescia
1139 1647 1254 1699 longe

189 1703 433 1741 Hom-escunt
453 1702 565 1739 corda
583 1701 757 1752 agricolis
774 1718 782 1746 ;
811 1701 917 1739 dabit
937 1702 999 1739 ille
1018 1701 1146 1739 ruinas

189 1757 412 1802 Arboribus,
432 1758 674 1805 stragemque
694 1755 785 1792 satis
803 1771 810 1801 ;
838 1758 923 1793 ruet
944 1755 1071 1792 omnia
1088 1755 1186 1801 late3

191 1812 297 1848 Ante
316 1810 462 1855 volant,
483 1809 727 1859 sonitumque
746 1809 874 1846 ferunt
894 1809 941 1846 ad
959 1809 1074 1846 litora
1087 1809 1194 1846 venti
1210 1825 1218 1855 ;

191 1864 294 1901 Talis
314 1863 353 1900 in
373 1863 548 1900 adversos
568 1863 705 1900 ductor
724 1862 930 1900 Rhoeteius
949 1862 1079 1900 hostes

192 1919 346 1968 Agmen
367 1917 470 1967 agit3
500 1916 605 1954 densi
625 1916 752 1954 cuneis
773 1929 811 1954 se
831 1916 988 1967 quisque
1008 1915 1147 1953 coactis

192 1971 485 2021 Agglomerant.
542 1970 649 2007 Ferit
670 1983 756 2007 ense
776 1983 931 2020 gravem
951 1969 1202 2020 Thymbraeus
1223 1968 1377 2015 Osirim,

192 2025 422 2062 Archetium
441 2023 681 2069 Mnestheus,
702 2024 919 2074 Epulonem
939 2023 1145 2061 obtruncat
1164 2023 1345 2070 Achates,

192 2078 452 2127 Ufentemque
472 2077 599 2127 Gyas3
628 2077 729 2114 cadit
749 2077 828 2127 ipse
848 2077 1075 2114 Tolumnius
1096 2090 1229 2127 augur,

193 2131 347 2169 Primus
366 2132 407 2168 in
426 2131 601 2168 adversos
620 2131 743 2168 telum
763 2131 828 2180 qui
846 2133 1009 2168 torserat
1029 2130 1173 2168 hostes.

194 2185 360 2222 Tollitur
378 2185 418 2221 in
438 2184 577 2222 coelum
597 2184 749 2230 clamor,
768 2184 941 2234 versique
960 2183 1127 2221 vicissim

195 2238 467 2276 Pulverulenta
485 2238 577 2288 suga
596 2237 736 2274 Rutuli
756 2238 849 2275 dant
868 2240 978 2288 terga
996 2250 1062 2287 per
1081 2250 1204 2287 agros.

195 2292 284 2342 Ipse
303 2305 424 2342 neque
443 2304 592 2328 aversos
612 2291 794 2342 dignatur
813 2294 980 2328 sternere
999 2291 1138 2336 morti3

194 2346 278 2383 Nec
297 2346 391 2396 pede
411 2358 629 2395 congressos
649 2358 768 2394 aequo,
787 2358 855 2382 nec
874 2344 952 2381 tela
970 2344 1134 2381 ferentes

196 2399 441 2449 Insequitur:
471 2398 594 2436 solum
613 2398 728 2436 densa
746 2398 785 2435 in
806 2397 966 2448 caligine
986 2397 1161 2434 Turnum

195 2453 374 2503 Vestigat
394 2452 572 2498 lustrans,
592 2452 714 2490 solum
732 2452 773 2489 in
793 2451 1000 2489 certamina
1017 2451 1152 2501 poscit.

195 2506 285 2544 Hoc
305 2519 486 2544 concussa
502 2508 610 2543 metu
629 2507 798 2543 mentem
818 2505 846 2542 J
848 2507 990 2542 uturna
1006 2504 1138 2555 virago

196 2560 385 2610 Aurigam
405 2559 526 2596 Turni
544 2559 668 2597 media
686 2559 788 2596 inter
805 2558 885 2596 lora
904 2557 1115 2596 Metiscum

197 2613 374 2661 Excutit,
394 2615 433 2651 et
451 2613 564 2663 longe
582 2613 732 2664 lapsum
751 2615 904 2651 temone
923 2611 1126 2662 relinquit:

1665 325 1669 339 2

1665 363 1669 393 l

1659 420 1668 463 e}

1659 476 1669 573 ἕ

1659 582 1669 601 5,

1660 606 1669 630 Χ
