1705 2744
630 54 820 82 AENEIDOS
840 54 923 81 LIB.
943 53 981 81 V.

200 153 313 192 Unde
331 167 450 205 genus
469 151 586 190 ducis.
641 150 770 189 Merui
788 163 957 201 quoque3
985 162 1082 199 saepe
1099 148 1242 187 furores

200 207 416 258 Compressi
434 208 473 244 et
491 205 634 243 rabiem
651 207 803 242 tantam
822 203 979 253 coelique
996 201 1196 252 marisque.

200 262 285 299 Nec
303 261 426 298 minor
443 260 485 297 in
501 259 613 297 terris
637 257 857 308 (Xanthum
875 256 1146 305 Simoentaque
1163 256 1304 305 testor)

201 315 334 352 AEneae
352 313 448 351 mihi
467 326 556 351 cura
572 311 644 349 tui.
699 311 828 358 Quum
847 310 961 348 Troia
979 309 1149 347 Achilles

201 368 433 405 Exanimata
451 379 608 416 sequens
627 365 856 415 impingeret
875 363 1029 414 agmina
1046 362 1176 408 muris,

202 421 330 459 Millia
347 420 470 458 multa
489 420 597 456 daret
614 418 704 464 leto,
723 420 993 468 gemerentque
1010 415 1146 466 repleti

202 476 357 521 Amnes,
376 487 444 511 nec
462 473 624 523 reperire
642 472 744 508 viam
762 473 876 521 atque
895 469 1066 508 evolvere
1084 472 1211 519 posset

202 528 252 565 In
270 541 373 565 mare
392 541 431 565 se
451 527 653 564 Xanthus:
684 525 825 562 Pelidae
843 526 937 561 tunc
956 536 1026 574 ego
1045 523 1138 561 forti

203 581 458 632 Congressum
476 579 635 625 AEnean,
654 591 723 616 nec
742 578 799 615 dis
817 591 886 615 nec
904 577 1047 614 viribus
1066 575 1192 626 aequis,

201 635 317 672 Nube
336 647 427 672 cava
444 633 573 683 1311111;
603 645 778 692 cuperem
796 644 914 681 quum
932 632 1078 668 vertere
1098 629 1172 667 ab
1162 642 1240 667 1100

201 688 357 726 Structa
374 687 467 725 meis
486 686 660 724 manibus
679 685 835 736 perjurae
853 683 994 721 11100013.
1011 683 1150 734 Trojae.

200 742 316 779 Nunc
335 754 483 792 quoque
501 753 608 777 mens
627 739 757 777 eadem
774 740 921 789 perstat
939 737 1056 774 mihi:
1084 736 1180 788 pelle
1197 736 1387 774 timorem.

200 795 337 842 Tutus,
357 808 450 845 quos
470 796 591 844 optas,
609 795 742 843 portus
762 791 913 829 accedet
933 790 1087 828 Averni.

199 848 311 886 Unus
329 826 403 886 ²elit
421 850 587 893 tantum,
607 846 788 883 amissum
807 859 961 895 (111οῑοΟ
939 844 1092 895 ourgite
1111 846 1274 895 quaeret3

201 902 334 940 Unum
352 915 420 952 pro
439 900 572 938 multis
591 899 744 937 dabitur
763 899 917 949 caput.'’

200 955 277 993 His
295 955 362 993 ubi
379 955 468 992 laeta
486 954 563 991 deae
581 953 782 1004 permulsit
801 954 955 1003 pectora
974 951 1098 998 dictis,

200 1009 229 1046 J
230 1009 344 1060 uno-1²0
363 1022 477 1059 equos
496 1021 586 1045 31110
605 1007 768 1058 genitor,
787 1005 1076 1056 spumantiaque
1094 1004 1201 1042 addit

201 1063 326 1100 Frena
344 1062 443 1108 feris,
462 1061 710 1111 manibusque
730 1073 859 1097 omnes
878 1059 1038 1097 effundit
1056 1058 1242 1096 habenas.

200 1115 367 1153 Caeruleo
385 1129 452 1166 per
470 1128 619 1152 summa
637 1114 730 1152 levis
748 1113 853 1151 volat
874 1126 1025 1163 aequora
1043 1126 1164 1149 curru.

201 1169 411 1207 Subsidunt
430 1169 551 1215 undae,
570 1167 838 1228 tumidumque
858 1166 927 1203 sub
948 1179 1014 1203 axe
1033 1165 1187 1203 tonanti

201 1223 394 1262 Sternitur
414 1235 543 1272 aequor
562 1221 690 1272 aquis;
717 1221 873 1271 fugiunt
890 1223 1000 1257 vasto
1019 1219 1159 1257 aetheie
1177 1218 1311 1256 nimbi.

201 1276 302 1314 Tum
319 1276 432 1313 variae
451 1275 637 1313 comitum
654 1273 1014 1320 facies,—immania
1032 1275 1125 1319 cete,

202 1330 258 1367 Et
277 1330 401 1368 senior
419 1329 556 1367 Glauci
574 1329 723 1374 chorus,
742 1327 935 1377 Inousque
955 1327 1161 1367 Palaemon,

201 1383 452 1433 Tritonesque
471 1382 550 1428 citi,
570 1381 783 1430 Phorcique
803 1381 988 1418 exercitus
1008 1380 1152 1418 omnis:

203 1437 317 1474 Laeva
334 1438 469 1474 tenent
488 1435 636 1482 Thetis,
655 1437 695 1473 et
714 1434 863 1480 Melite,
883 1434 1133 1484 Panopeaque
1153 1433 1273 1483 virgo,

203 1490 353 1536 Nesaee,
373 1489 547 1539 Spioque,
566 1488 775 1538 Thaliaque
796 1488 1096 1539 Cymodoceque.

258 1543 332 1580 His
350 1543 469 1593 patris
488 1543 619 1580 AEneae
637 1555 857 1592 suspensam
874 1541 1012 1579 blanda
1029 1540 1196 1578 vicissim

205 1596 354 1633 Gaudia
371 1598 592 1646 pertentant
610 1598 801 1641 mentem3
824 1595 936 1645 jubet
955 1595 1057 1632 ocius
1077 1607 1208 1631 omnes

204 1649 346 1687 Attolli
363 1649 494 1695 malos,
513 1649 663 1686 intendi
680 1648 835 1686 brachia
851 1648 957 1685 velis.

203 1702 295 1739 Una
312 1715 442 1739 omnes
460 1702 579 1739 fecere
597 1702 753 1752 pedem3
779 1701 995 1752 pariterque
1014 1699 1200 1745 sinistros,

202 1756 320 1793 Nunc
339 1755 492 1792 dextros
511 1755 654 1792 solvere
673 1755 799 1801 sinus3
826 1767 903 1791 una
921 1754 1038 1791 ardua
1055 1755 1237 1803 torquent

203 1809 356 1846 Cornua
374 1809 696 1858 detorquentque:
725 1808 853 1845 ferunt
873 1821 940 1844 sua
958 1807 1112 1844 flamina
1129 1806 1297 1844 classem.

203 1862 384 1912 Princeps
404 1865 493 1899 ante
512 1875 642 1899 omnes
661 1862 821 1899 densum
840 1861 1042 1898 Palinurus
1061 1860 1199 1910 agebat

202 1916 377 1966 Agmen:
408 1915 456 1952 ad
473 1916 575 1952 hunc
596 1915 659 1952 alii
677 1928 829 1952 cursum
849 1914 1075 1952 contendere
1088 1913 1198 1963 jussi.

204 1969 370 2019 Jamque
388 1969 465 2006 fere
483 1969 649 2006 mediam
668 1968 752 2006 coeli
770 1981 846 2006 nox
863 1967 1022 2004 humida
1039 1969 1184 2004 metam

203 2022 451 2073 Contigerat:
480 2021 628 2072 placida
645 2021 819 2058 laxarant
837 2021 1008 2058 membra
1027 2020 1153 2071 quiete

203 2076 282 2113 Sub
301 2075 414 2113 remis
433 2075 508 2112 fusi
525 2089 592 2125 per
611 2075 705 2112 dura
723 2075 853 2112 sedilia
871 2076 1000 2111 nautae
1016 2090 1024 2120 ;

205 2130 333 2176 Quum
352 2129 444 2167 levis
463 2129 629 2166 aetheriis
649 2129 822 2179 delapsus
842 2128 1005 2165 Somnus
1024 2127 1071 2165 ab
1090 2126 1202 2164 astris

206 2184 307 2220 Aera
326 2182 487 2220 dimovit
507 2182 762 2228 tenebrosum,
781 2184 821 2219 et
841 2181 998 2232 dispulit
1017 2181 1182 2227 umbras,

206 2237 272 2282 Te,
293 2236 482 2282 Palinure,
500 2239 646 2286 petens,
665 2235 738 2273 tibi
758 2235 904 2273 somnia
921 2235 1050 2272 tristia
1067 2237 1224 2285 portans

205 2289 380 2328 Insonti:
409 2290 599 2340 puppique
619 2290 710 2327 deus
729 2289 900 2327 consedit
918 2289 958 2325 in
978 2288 1067 2335 alta,

206 2342 422 2381 Phorbanti
440 2343 584 2390 similis,
602 2343 805 2393 funditque
822 2343 892 2380 has
911 2355 974 2379 ore
992 2341 1158 2392 loquelas
1173 2358 1180 2379 :

207 2398 229 2414 “
242 2396 367 2434 Iaside
391 2397 575 2443 Palinure,
594 2397 722 2434 ferunt
740 2397 823 2446 ipsa
840 2409 991 2446 aequora-
1009 2395 1188 2442 classem3

207 2448 386 2499 AEquatae
406 2450 552 2500 spirant
571 2464 691 2497 aurae;
720 2450 834 2487 datur
850 2450 945 2487 hora
963 2449 1104 2499 quieti:

208 2501 313 2540 Pone
331 2508 457 2553 caput,
474 2504 666 2554 fessosque
685 2503 812 2541 oculos
831 2503 954 2540 furare
971 2502 1102 2540 labori.

208 2554 297 2604 Ipse
315 2569 385 2607 ego
403 2557 592 2607 paulisper
610 2571 678 2608 pro
696 2559 737 2595 te
755 2560 824 2595 tua
842 2569 1000 2594 munera
1017 2555 1161 2593 inibo.''

1389 43 1468 81 215
