1674 2775
2 2603 36 2775 ὲ
4 2668 7 2687 -
4 2491 33 2639 514sp

578 102 770 129 AEN'EIDOS
789 102 874 129 LIB.
893 102 991 129 VIII.

144 197 364 235 Miscebant
383 197 498 248 operi,
516 197 754 248 flammisque
773 197 995 248 sequacibus
1012 197 1100 236 iras.

143 250 261 288 Parte
280 251 353 288 alia
372 251 495 288 Marti
514 264 740 301 currumque
759 253 937 301 rotasque
955 251 1127 289 volucres

143 303 361 350 Instabant,
381 304 517 354 quibus
535 304 600 342 ille
618 304 731 350 viros,
752 304 889 354 quibus
908 305 1050 342 excitat
1069 306 1205 352 urbes;

142 357 358 408 AEgidaque
376 357 612 404 horriferam,
630 357 796 395 turbatae
816 357 981 395 Palladis
1000 371 1116 405 arma,

143 410 333 448 Certatim
351 411 518 462 squamis
537 414 758 461 serpentum
777 424 941 460 auroque
961 411 1147 461 polibant,

143 463 416 514 Connexosque
435 478 589 515 angues,
607 465 806 515 ipsamque
824 464 864 501 in
885 468 1038 515 pectore
1057 465 1153 503 divae

143 517 335 568 Gorgona,
354 518 506 556 desecto
524 520 740 556 vertentem
757 518 903 556 lumina
921 518 1029 556 collo.

138 1209 161 1227 “
173 1207 316 1246 Tollite
335 1207 512 1254 cuncta‚’'
533 1206 670 1256 inquit,
691 1209 712 1226 “
729 1208 949 1257 coeptosque
969 1207 1115 1245 auferte
1133 1207 1291 1254 labores,

138 1261 283 1299 AEtnaei
304 1260 498 1312 Cyclopes,
519 1263 558 1298 et
577 1261 652 1298 huc
672 1260 860 1298 advertite
881 1263 1049 1298 mentem
1067 1277 1074 1298 :

136 1315 258 1352 Arma
276 1315 353 1352 acri
371 1314 542 1352 facienda
559 1314 653 1351 viro.
709 1314 750 1351 N
753 1328 825 1352 unc
845 1313 989 1351 viribus
1009 1328 1112 1360 usus,

135 1368 252 1406 Nunc
272 1368 447 1406 manibus
466 1367 618 1418 rapidis,
639 1368 744 1405 omni
762 1381 864 1405 nunc
885 1363 973 1405 arte'
988 1368 1183 1418 magistra.

136 1421 380 1472 Praecipitate
399 1421 562 1459 moraS.’'
619 1421 704 1459 Nec
722 1421 832 1471 plura
849 1421 1009 1466 effatum
1037 1425 1076 1459 et
1095 1422 1150 1459 illi

137 1475 253 1513 Ocius
272 1476 476 1513 incubuere
495 1488 637 1521 omues,
657 1475 873 1525 pariterque
892 1475 1060 1512 laborem

138 1528 272 1566 Sortiti
288 1546 296 1567 :
325 1529 411 1566 fluit
432 1543 479 1566 aes
498 1528 601 1574 rivis,
621 1528 776 1578 aurique
796 1528 993 1566 metallum
1010 1544 1018 1574 ;

137 1581 426 1632 Vulnificusque
447 1582 604 1632 chalybs
623 1585 733 1619 vasta
753 1578 909 1619 fornace‘
921 1580 1109 1631 liquescit.

138 1634 345 1685 Ingentem
365 1636 529 1685 clipeum
546 1635 767 1680 informant,
787 1648 906 1671 unum
926 1635 1054 1672 omnia
1071 1636 1204 1672 contra

138 1688 231 1725 Tela
249 1688 499 1733 Latinorum;
529 1690 779 1738 septenosque
799 1688 951 1725 orbibus
971 1688 1079 1725 orbes

138 1741 374 1791 Impediunt.
431 1741 510 1778 Alii
528 1741 696 1779 ventosis
717 1741 869 1778 follibus
888 1755 997 1778 auras

137 1795 345 1845 Accipiunt
365 1795 627 1845 redduntque3
655 1795 719 1832 alii
741 1794 944 1832 stridentia
961 1795 1123 1844 tingunt

137 1848 232 1885 AEra
250 1848 356 1886 lacu:
385 1848 507 1899 gemit
525 1848 714 1898 impositis
733 1848 933 1886 incudibus
953 1851 1122 1885 antrum.

137 1901 203 1938 Illi
221 1902 323 1939 inter
342 1915 422 1939 sese
440 1901 565 1939 multa
582 1902 622 1938 vi
639 1901 794 1939 brachia
811 1902 956 1939 tollunt

137 1955 188 1992 In
206 1969 421 2001 numerum,
440 1957 669 2005 versantque
687 1955 813 1993 tenaci
831 1955 971 2005 forcipe
990 1967 1166 1992 massam.

191 2009 292 2046 Haec
311 2012 421 2059 pater
440 2008 574 2046 AEoliis
594 2011 771 2059 properat
790 2009 882 2046 dum
903 2008 1085 2046 Lemnius
1105 2007 1192 2054 oris,

137 2061 364 2100 Evandrum
384 2076 429 2100 ex
448 2062 586 2099 humili
605 2065 710 2100 tecto
729 2062 796 2099 lux
814 2062 975 2099 suscitat
995 2062 1105 2108 alma,

136 2115 193 2153 Et
212 2115 396 2154 matutini
415 2115 612 2153 volucrum
633 2116 703 2153 sub
723 2116 886 2153 culmine
906 2117 1053 2153 cautus.

138 2168 348 2220 Consurgit
368 2169 502 2215 senior,
522 2169 728 2220 tunicaque
746 2169 942 2206 inducitur
961 2172 1079 2215 artus,

137 2222 194 2260 Et
212 2223 413 2273 Tyrrhena
430 2223 567 2273 pedum
589 2223 798 2260 circumdat
818 2223 968 2260 vincula
984 2222 1148 2272 plantis:

138 2275 239 2313 Tum
259 2276 370 2314 lateri
388 2279 503 2327 atque-
521 2277 689 2314 humeris
710 2276 911 2327 Tegeaeum
933 2276 1102 2326 subligat
1122 2288 1262 2321 ensem,

138 2328 315 2368 Demissa
333 2330 380 2368 ab
399 2330 493 2367 laeva
511 2330 708 2380 pantherae
726 2333 837 2381 terga
855 2332 1090 2380 retorquens,

138 2382 222 2420 Nec
241 2397 319 2421 non
338 2386 377 2421 et
396 2383 539 2434 gemini
558 2384 733 2421 custodes
753 2384 883 2421 limine
903 2384 950 2421 ab
970 2383 1048 2421 alto

140 2434 370 2474 Praecedunt
389 2450 635 2488 gressumque
655 2451 764 2475 canes
784 2437 1018 2475 comitantur
1036 2435 1207 2474 herilem.

140 2488 318 2540 Hospitis
339 2490 469 2528 AEneae
488 2490 613 2529 sedem
635 2493 674 2528 et
693 2493 837 2528 secreta
854 2491 1010 2541 petebat

140 2541 365 2581 Sermonum
383 2557 530 2582 memor
548 2546 588 2582 et
607 2544 783 2594 promissi
801 2544 967 2581 muneris
988 2543 1119 2581 heros:

139 2595 223 2634 Nec
242 2597 368 2635 minus
386 2597 527 2636 AEneas
546 2611 586 2636 se
604 2598 819 2636 matutinus
838 2597 987 2648 agebat.

1344 93 1421 132 287
