1705 2744
660 84 898 112 GEORGIOON
918 84 999 110 LIB.
1021 84 1068 109 II.

228 180 474 220 Sollicitanda
490 182 620 218 tamen
637 180 762 226 tellus,
780 179 978 230 pulvisque
997 178 1204 217 movendus
1219 195 1227 225 ;

227 236 283 273 Et
295 235 378 286 jam
395 234 555 272 maturis
573 234 799 271 metuendus
819 233 974 284 Jupiter
994 232 1087 270 uvis.

282 288 427 326 Contra
445 301 523 325 non
540 287 617 325 ulla
631 290 688 325 est
707 287 798 325 oleis
817 287 976 332 cultura,
991 299 1112 336 neque
1129 284 1203 322 illae

227 342 460 380 Procurvam
477 343 697 392 exspectant
714 341 849 378 falcem
867 342 1081 390 rastrosque
1099 342 1262 384 tenaces,

228 396 356 442 Quum
374 395 488 432 semel
509 395 701 432 haeserunt
720 394 817 432 arvis
837 407 1018 444 aurasque
1039 393 1223 430 tulerunt.

227 449 319 499 Ipsa
337 449 428 486 satis
447 448 571 495 tellus,
591 462 709 499 quum
728 448 841 485 dente
859 447 1066 485 recluditur
1083 460 1192 492 unco,

227 502 375 539 Sufficit
393 502 602 548 humorem,
623 505 661 540 et
680 501 865 552 gravidas,
886 514 972 538 cum
990 513 1150 546 vomere,
1169 500 1307 550 fruges.

227 555 316 593 Hoc
334 555 515 606 pinguem
534 558 573 593 et
591 555 771 606 placitam
790 554 881 592 Paci
898 554 1066 592 nutritor
1084 553 1234 591 olivam.

281 608 402 646 Poma
420 622 578 660 quoque,
597 611 642 646 ut
660 609 826 659 primum
844 610 998 646 truncos
1018 620 1163 645 sensere
1177 606 1345 644 valentes

227 662 284 700 Et
301 662 399 700 vires
417 663 581 700 habuere
600 676 696 709 51135,
716 662 764 700 ad
781 662 903 699 sidera
920 661 1060 712 raptim

227 715 277 752 Vi
295 716 447 766 propria
460 716 651 762 nituntur,
671 716 825 766 opisque
842 715 946 752 haud
963 715 1094 765 indiga
1111 716 1262 751 nostrae.

226 769 310 807 Nec
329 769 454 806 minus
472 769 617 807 interea
634 770 716 807 fetu
733 783 866 807 nemus
886 782 997 806 omne
1015 767 1214 819 gravescit,

227 822 524 873 Sanguineisque
543 823 688 860 inculta
705 823 844 860 rubent
863 822 1002 859 aviaria
1018 821 1141 859 baccis
1156 838 1164 867 ;

227 875 452 913 Tondentur
471 876 595 926 evtisi‚
614 876 731 913 taedas
751 876 845 913 silva
863 875 942 913 alta
964 875 1172 920 ministrat,

226 929 541 979 Pascunturque
532 943 638 980 1gnes
656 929 834 967 nocturni
853 931 891 967 et
909 929 1054 966 lumina
1071 928 1262 965 fundunt:

226 983 281 1020 Et
300 983 478 1020 dubitant
496 982 668 1021 homines
687 996 806 1020 501010
825 985 939 1033 atque
956 982 1171 1033 impendere
1191 995 1256 1019 0111
1258 994 1342 1019 am.
1333 979 1349 1007 9

226 1035 327 1082 Quid
344 1036 487 1087 majora
505 1049 660 1086 sequar.
651 1036 668 1064 ‘⁹³
698 1037 828 1074 salices
846 1036 1123 1087 humilesqueg
1102 1039 1278 1081 crenestae,

225 1089 308 1126 Aut
326 1088 398 1126 illae
420 1089 545 1140 pecori
564 1090 738 1128 frondem
757 1093 823 1127 aut
842 1090 1056 1140 pastoribus
1076 1089 1228 1126 umbras

226 1142 437 1189 Sufficiunt,
457 1156 656 1194 sepemque
676 1143 779 1190 satis,
798 1146 837 1181 et
856 1143 993 1193 pabula
1010 1143 1123 1180 melli.

225 1196 281 1233 Et
293 1196 405 1247 juvat
424 1197 631 1234 undantem
650 1198 750 1236 buxo
770 1200 938 1247 spectare
958 1196 1158 1247 Cytorum,

225 1249 474 1300 Naryciaeque
492 1250 584 1300 picis
604 1251 708 1289 lucos
724 1268 731 1298 ;
755 1251 866 1302 juvat
886 1264 975 1287 arva
992 1250 1118 1288 videre

226 1303 318 1340 Non
335 1304 478 1350 rastris,
497 1304 697 1342 hominum
716 1319 793 1342 non
811 1304 879 1341 ulli
898 1304 1060 1342 obnoxia
1079 1317 1187 1341 curae.

226 1356 324 1406 Ipsae
344 1356 524 1395 Caucasio
543 1358 688 1396 steriles
706 1358 746 1395 in
766 1358 907 1395 vertice
927 1358 1042 1403 silvae,

227 1409 327 1456 Quas
345 1411 505 1449 animosi
523 1411 603 1449 euri
627 1411 773 1450 assidue
791 1412 1047 1462 franguntque
1066 1411 1278 1460 feruntque,

226 1463 333 1501 Dant
352 1464 443 1502 alios
463 1465 542 1502 aliae
560 1465 682 1503 fetus:
712 1466 805 1503 dant
824 1465 918 1502 utile
936 1465 1086 1515 lignum

226 1516 401 1568 Navigiis
421 1517 541 1568 Ρ11105,
561 1518 734 1556 domibus
754 1519 981 1569 cedrumque
1001 1530 1279 1576 cupressosque.

226 1549 351 1608 Hinc&
350 1571 472 1608 radios
490 1572 629 1610 trivere
647 1572 753 1618 lotis,
771 1572 861 1609 hinc
879 1574 923 1622 t)
926 1585 1064 1622 mpana
1081 1570 1260 1621 plaustris

226 1624 423 1674 Agricolae,
443 1628 481 1662 et
499 1625 640 1675 pandas
659 1626 804 1663 ratibus
823 1639 978 1675 posuere
997 1625 1163 1662 carinas:

226 1677 443 1714 Viminibus
462 1678 590 1716 salices
608 1679 787 1725 fecundae,
802 1679 997 1717 fiondibus
1015 1678 1121 1723 ulmi⁷

225 1731 282 1768 At
301 1733 451 1781 myrtus
469 1732 602 1769 validis
620 1732 831 1778 hastilibus,
851 1735 890 1769 et
908 1732 1007 1769 bona
1023 1731 1123 1768 bello

227 1783 374 1821 Cornus
390 1801 397 1829 ;
427 1784 587 1822 Ituraeos
606 1786 687 1823 taxi
704 1787 932 1835 torquentur
950 1786 989 1822 in
1009 1798 1128 1822 arcus.

226 1837 310 1875 Nec
328 1837 420 1875 ‘cih'ae
439 1838 538 1876 leves
557 1841 623 1876 aut
642 1842 754 1876 torno
773 1839 881 1876 rasile
899 1839 1044 1876 buxum

225 1891 318 1928 Non
336 1891 497 1929 formam
516 1892 706 1942 accipiunt
724 1893 895 1942 ferroque
914 1894 1097 1929 cavantur
1115 1893 1238 1928 acuto.

226 1944 309 1982 Nec
328 1958 404 1982 non
424 1947 463 1982 et
481 1948 691 1983 torrentem
709 1945 851 1983 undam
868 1945 960 1983 levis
978 1945 1129 1982 innatat
1149 1945 1268 1990 alnus,

226 1997 348 2035 Missa
367 1998 494 2045 Pad03
521 2013 589 2037 nec
608 2013 685 2037 11011
705 2002 743 2036 et
763 2013 848 2050 apes
868 1999 1040 2037 examina
1059 1999 1227 2036 condunt

227 2050 514 2102 Corticibusque
533 2053 632 2090 cavis
652 2053 871 2103 vit-iosaeque
889 2053 985 2090 ilicis
1005 2052 1121 2090 alveo.

225 2104 326 2151 Quid
343 2106 630 2144 memorandum
649 2120 751 2157 aeque
771 2106 959 2144 Baccheia
977 2106 1076 2144 dona
1093 2106 1272 2143 tulerunt
1288 2104 1304 2142 τ’

224 2158 398 2197 Bacchus
417 2161 457 2197 et
476 2160 524 2197 ad
542 2160 691 2210 culpam
711 2173 840 2197 causas
859 2160 985 2206 dedit3
1013 2160 1075 2197 ille
1094 2160 1261 2197 furentes

225 2211 434 2251 Centauros
453 2213 530 2251 leto
550 2213 709 2259 domuit,
729 2213 991 2264 Rhoetumque
1014 2213 1254 2262 Pholumque

225 2266 281 2303 Et
298 2280 439 2316 magno
459 2267 642 2317 Hylaeum
661 2267 838 2317 Lapithis
859 2270 1001 2305 cratere
1019 2267 1244 2304 minantem.

278 2320 311 2358 O
330 2321 543 2358 fortunatos
561 2320 734 2367 nimium,
754 2334 821 2358 sua
839 2321 871 2358 si
888 2321 988 2358 bona
1004 2321 1145 2366 norint,

225 2373 433 2424 Agricolas,
453 2374 588 2424 quibus
606 2374 698 2424 ipsa,
716 2374 848 2424 procul
866 2374 1098 2412 discordibus
1117 2374 1243 2419 armis,

226 2425 371 2465 Fundit
390 2428 507 2465 humo
526 2427 674 2466 facilem
691 2428 839 2465 victum
851 2427 1065 2478 justissima
1082 2427 1216 2465 tellus!

227 2479 268 2516 Si
285 2494 362 2518 non
378 2481 575 2532 ingentem
591 2481 734 2519 foribus
756 2481 890 2518 domus
910 2481 987 2518 alta
1006 2481 1176 2531 superbis

227 2532 338 2571 Mane
357 2534 592 2572 salutantum
610 2535 705 2573 totis
723 2535 846 2572 vomit
866 2535 1006 2572 aedibus
1024 2535 1166 2571 undam
1181 2550 1188 2580 ;

227 2585 310 2624 Nec
328 2587 449 2626 varios
463 2588 613 2625 inhiant
631 2588 789 2639 pulchra
806 2588 1000 2626 testudine
1017 2590 1157 2638 postes,

1442 74 1492 111 59
