1705 2744
285 126 335 161 14
679 137 713 163 P.
733 137 919 164 vman
938 137 1124 165 MAnoms

285 230 340 267 Et
359 242 450 280 puer
467 229 544 280 ipse
564 230 636 268 suit
655 231 798 269 cantari
816 232 963 282 dignus,
983 234 1021 270 et
1039 232 1114 270 ista

285 282 311 319 J
315 296 374 320 am
394 282 535 332 pridem
556 283 737 323 Stimicon
757 285 923 322 laudavit
942 286 1106 322 carmina
1123 285 1241 322 nobis.

336 335 448 372 ΜΕΝ.
477 335 668 373 Candidus
687 337 876 374 insuetum
895 338 1053 375 miratur
1071 338 1185 375 limen
1205 338 1357 388 Olympi

282 388 359 425 Sub
378 388 604 438 pedibusque
623 389 726 427 videt
745 390 861 428 nubes
881 393 919 427 et
938 390 1058 427 sidera
1077 390 1262 440 Daphnis.

281 441 386 490 Ergo
405 441 534 478 alacris
553 441 663 479 silvas
683 445 721 479 et
741 445 864 480 cetera
881 455 967 479 rura
986 443 1158 492 voluptas

282 493 458 543 Panaque
477 496 716 544 pastoresque
734 497 840 532 tenet
859 494 942 545 Dr)
945 495 1104 554 adasque
1123 495 1284 545 puellas:

280 546 321 583 N
323 559 363 584 ec
382 546 491 596 lupus
510 546 661 584 insidias
680 547 813 597 pecori,
832 560 899 584 nce
918 547 1013 584 retia
1031 548 1147 585 cervis

283 598 371 636 Ulla
389 599 515 636 dolum
533 600 784 645 meditantium
813 602 916 637 amat
933 600 1053 637 bonus
1073 601 1151 638 otia
1169 600 1354 651 Daphnis.

281 651 360 701 Ipsi
379 651 512 690 lae-titia
530 665 637 690 voces
657 653 702 689 ad
722 653 841 689 sidela
853 652 1002 712 jactant

280 704 430 742 Intonsi
449 707 617 751 niontcs3
645 705 733 755 ipsae
745 706 825 755 jam
844 718 905 742 031
907 718 1009 742 mma
1025 718 1147 755 rupes,

280 757 369 806 Ipsa
387 761 521 795 sonant
541 736 712 795 arbilsta.
743 758 877 804 ι((16115,
897 758 986 795 deus
1005 757 1078 804 ille,
1099 757 1283 795 Menalca.
1288 757 1311 773 ’⁹

279 810 337 847 Sis
356 811 475 848 bonus
494 824 515 848 0
535 811 692 860 felixque
710 811 808 848 tuis!
837 824 881 848 en
903 813 1063 860 quatuor
1081 824 1121 847 ar
1123 824 1182 847 as:

279 863 379 900 Ecce
397 863 487 900 duas
506 863 589 909 tibi,
609 863 774 913 Daphni,
793 863 884 900 duas
903 863 1034 900 altaria
1052 863 1210 900 Phoebo.

279 915 420 953 Pocula
436 916 525 953 bina
542 930 639 953 novo
659 916 876 966 spumantia
892 916 990 954 lacte
1009 916 1221 965 quotannis,

277 967 521 1019 craterasque
539 969 612 1006 duo
632 972 798 1006 statuam
815 969 887 1006 tibi
904 969 1054 1019 pinguis
1074 969 1182 1014 olivi;

280 1021 334 1058 Et
351 1021 471 1058 multo
490 1021 529 1058 in
546 1022 676 1071 primis
695 1022 857 1059 hilarans
877 1021 1047 1059 convivia
1064 1021 1226 1067 Baccho,

277 1074 380 1112 Ante
399 1074 534 1120 focum,
553 1075 584 1111 si
602 1075 720 1124 frigus
739 1074 822 1120 erit,
841 1074 872 1112 si
890 1074 1032 1120 messis,
1050 1074 1089 1111 in
1108 1074 1252 1121 umbra,

277 1126 377 1164 Vina
394 1141 533 1164 novum
552 1127 706 1164 fundam
725 1127 881 1167 calathis
900 1127 1051 1164 Ariusia
1068 1129 1208 1164 nectar.

278 1178 496 1217 Cantabunt
515 1180 609 1217 mihi
627 1180 823 1217 Damoetas
843 1182 881 1217 et
900 1180 1058 1230 Lyctius
1078 1180 1226 1230 AEgon3

277 1232 465 1270 Saltantes
485 1232 639 1282 Satyros
658 1232 870 1269 imitabitur
888 1233 1162 1283 Alphesiboeus.

277 1285 372 1322 Haee
390 1285 462 1322 tibi
481 1299 625 1335 semper
643 1287 765 1331 erunt,
785 1288 823 1322 et
842 1299 958 1335 quum
977 1285 1156 1322 solemnia
1172 1287 1264 1322 vota

277 1337 492 1375 Reddemus
511 1338 715 1388 Nymphis,
735 1341 773 1375 et
792 1352 908 1387 quum
925 1338 1168 1375 lustrabimus
1187 1351 1308 1388 agros

277 1390 382 1427 Dum
395 1390 490 1441 juga
507 1391 647 1428 montis
666 1403 763 1440 aper,
782 1391 914 1428 fluvios
934 1391 1025 1428 dum
1042 1391 1152 1441 piscis
1172 1390 1324 1437 amabit,

277 1443 455 1493 Dumque
472 1443 608 1493 thymo
627 1445 826 1493 pascentur
845 1457 942 1493 apes,
962 1444 1052 1480 dum
1070 1457 1151 1481 rore
1171 1443 1315 1489 cicadae,

278 1496 430 1546 Semper
448 1496 566 1534 honos
586 1509 795 1545 nomenque
814 1499 923 1533 tuum
942 1496 1142 1546 laudesque
1160 1496 1379 1534 manebunt.

277 1549 334 1586 Ut
354 1549 504 1586 Baccho
525 1548 733 1598 Cererique,
751 1549 823 1586 tibi
842 1549 893 1586 sic
911 1551 1002 1586 vota
1020 1550 1220 1599 quotannis

275 1602 461 1652 Agricolae
480 1601 617 1639 facient
632 1618 647 1647 ;,
669 1601 861 1639 damnabis
880 1604 926 1639 tu
944 1615 1089 1651 quoque
1108 1602 1218 1639 votis.

330 1655 439 1692 MOP.
469 1654 561 1701 Quae
578 1654 661 1700 tibi,
682 1668 763 1704 quae
781 1655 850 1691 tali
867 1655 1020 1692 reddam
1038 1669 1104 1704 pro
1124 1654 1286 1692 carmine
1305 1652 1432 1691 dona?

278 1708 381 1744 Nam
400 1720 519 1757 neque
538 1720 597 1744 me
616 1709 770 1744 tantum
783 1707 968 1745 venientis
988 1708 1116 1745 sibilus
1136 1707 1264 1753 austri,

278 1761 359 1797 Nec
377 1773 551 1810 percussa-
563 1760 701 1810 juvant
719 1760 839 1797 fluctu
856 1762 937 1797 tam
955 1761 1077 1806 litora,
1096 1774 1164 1798 nec
1182 1773 1264 1810 quae

279 1814 435 1850 Saxosas
453 1813 552 1850 inter
571 1813 773 1850 decurrunt
792 1813 948 1850 flumina
964 1813 1090 1850 valles.

330 1866 442 1903 ΜΕΝ.
472 1866 559 1903 Hac
579 1867 616 1902 te
635 1879 702 1902 nos
722 1866 847 1916 fragili
865 1866 1085 1903 donabimus
1105 1868 1192 1903 ante
1211 1865 1344 1903 cicuta.

278 1918 372 1956 Haee
391 1932 471 1964 1108,
492 1919 717 1955 Formosum
737 1918 915 1969 Corydon
933 1919 1087 1956 ardebat
1106 1918 1263 1955 Alexin:

277 1971 372 2008 Haec
393 1972 521 2008 eadem
540 1971 680 2016 docuit,
701 1970 839 2021 Cujum
857 1971 1001 2021 pecus?
1029 1985 1077 2008 311
1097 1969 1297 2008 Meliboei?

330 2024 439 2061 Mor.
468 2025 523 2060 At
541 2026 584 2060 tu
605 2036 709 2060 sume
728 2024 876 2073 pedum,
897 2024 1007 2073 quod,
1026 2037 1086 2061 me
1105 2037 1221 2073 quum
1240 2035 1334 2073 saepe
1352 2022 1514 2072 rogaret,

278 2076 368 2113 Non
386 2077 477 2113 tulit
496 2076 717 2125 Antigenes,
737 2079 775 2113 et
795 2079 875 2114 erat
892 2079 977 2113 tum
996 2077 1131 2126 dignus
1151 2075 1277 2122 amari,

279 2130 503 2167 Formosum
522 2129 672 2179 paribus
691 2129 798 2166 nodis
818 2131 931 2179 atque
950 2142 1031 2176 aere,
1051 2129 1235 2166 Menalca.
