1674 2775
238 124 316 162 284
645 131 680 158 1².
700 131 886 158 VIBGILII
915 129 1104 158 MAnoms

235 226 449 267 Carmentis
468 225 645 276 nymphae
664 226 821 272 monita,
840 227 879 262 et
898 225 988 263 deus
1007 227 1139 262 auctor
1157 224 1306 275 Apollo.

235 282 311 318 Vix
330 294 374 318 ea
391 280 516 325 dicta;
544 279 679 316 dehinc
700 292 916 329 progressus
937 283 1126 316 monstrat
1145 283 1184 316 et
1203 291 1318 324 aram,

237 335 293 372 Et
311 332 590 370 Carmentalem
611 331 786 369 Romano
806 331 957 368 nomine
976 335 1127 381 portam

237 386 362 434 Quam
381 387 605 430 memorant,
624 385 804 434 nymphae
823 384 988 434 prlscum
1009 383 1223 421 Carmentis
1241 383 1425 421 honorem

236 440 346 477 Vatis
365 439 548 476 fatidicae:
578 437 714 474 cecinit
733 450 817 487 quae
836 437 957 487 prima
975 437 1124 474 futuros

237 492 426 531 AEneadas
446 504 606 540 magnos
625 495 664 527 et
684 491 807 528 nobile
828 490 1081 526 Pallanteum.

238 546 343 583 Hinc
362 545 490 582 lucum
509 544 717 593 ingentem,
737 557 848 592 quem
869 543 1057 580 Romulus
1077 554 1160 579 acer
1178 541 1340 592 Asylum

236 597 401 644 Retulit,
421 599 461 635 et
480 596 605 646 gelida-
620 600 808 633 monstrat
827 596 897 632 sub
916 608 1008 645 rupe
1028 595 1224 644 Lupercal,

237 651 438 689 Parrhasio
459 650 605 686 dictum
628 649 752 686 Panos
771 649 817 686 de
836 662 939 686 more
960 648 1099 698 Lycaei.

236 705 277 742 N
279 718 319 742 ec
338 717 416 741 non
434 705 473 741 et
493 702 590 740 sacri
609 706 798 740 monstrat
816 715 948 739 nemus
969 699 1145 750 Argileti,

237 757 492 806 Testaturque
511 755 648 801 locum,
669 759 707 792 et
726 756 847 792 letum
868 755 979 792 docet
1001 753 1163 803 hospitis
1182 751 1290 802 Argi.

237 810 341 848 Hine
361 809 407 847 ad
426 808 626 858 Tarpeiam
645 809 771 846 sedem
791 811 829 846 et
849 807 1037 857 Capitolia
1056 806 1175 851 ducit,

235 1499 363 1535 Aurea
379 1510 492 1542 nunc,
512 1496 602 1534 olim
622 1495 860 1533 silvestribus
879 1497 1032 1535 horrida
1050 1497 1186 1534 dumis.

236 1550 264 1587 J
267 1564 327 1588 am
345 1552 432 1587 tum
450 1549 582 1598 religio
601 1548 756 1598 pavidos
776 1550 942 1587 terrebat
960 1553 1127 1600 agrestes

237 1603 332 1641 Dira
348 1602 442 1649 loci3
465 1602 546 1652 jam
564 1604 649 1638 tum
669 1601 801 1637 silvam
816 1615 1020 1652 saxumque
1039 1603 1266 1640 tremebant.

237 1656 325 1693 Hoc
344 1669 489 1701 nemus,
508 1655 622 1700 hunc,
642 1653 777 1703 inquit,
797 1654 973 1694 frondoso
993 1656 1132 1693 vertice
1151 1656 1335 1693 collem—

238 1709 330 1756 Quis
349 1709 452 1755 deus,
472 1708 660 1745 incertum
679 1707 941 1746 est—habitat
961 1709 1074 1755 deus3
1101 1709 1267 1746 Arcades
1286 1708 1411 1758 ipsum

238 2440 409 2478 Credunt
428 2454 467 2478 se
485 2440 622 2478 vidisse
641 2440 790 2486 Jovem,
810 2454 927 2490 quum
946 2454 1046 2491 saepe
1065 2440 1282 2491 nigrantem

238 2493 379 2543 AEgida
396 2496 615 2531 concuteret
635 2494 767 2531 dextra
785 2493 1006 2543 nimbosque
1025 2494 1151 2531 cieret.

239 2546 339 2583 Haec
359 2546 433 2583 duo
452 2549 633 2596 praeterea
651 2546 815 2597 disjectis
835 2547 972 2596 oppida
989 2546 1120 2592 muris,

239 2598 432 2649 Reliquias
451 2601 696 2650 veterumque
715 2599 818 2637 vides
837 2602 1085 2638 monumenta
1102 2599 1282 2645 virorum.
