1705 2744
623 93 840 122 BUCOLICA.
894 93 981 120 ECL.
1001 93 1058 119 VI.

534 1463 750 1501 ECLOGA
776 1461 848 1500 VI.
904 1461 1145 1499 SILENUS.

224 1570 368 1607 PRIMA.
386 1569 580 1620 Syracosio
600 1569 756 1619 dignata
775 1572 832 1607 est
850 1569 978 1606 ludere
996 1581 1108 1604 versu

224 1624 379 1668 Nostra,
397 1636 516 1672 neque
535 1623 684 1660 erubuit
704 1622 815 1659 silvas
833 1622 1015 1666 habitare,
1035 1619 1179 1657 Thaha.

225 1676 352 1722 Quum
371 1689 539 1713 canerem
556 1688 662 1725 reges
682 1678 720 1712 et
738 1675 880 1725 proeIia‚
900 1673 1090 1724 Cynthius
1109 1686 1236 1710 aurem

224 1729 354 1774 Venit,
374 1731 412 1765 et
432 1729 648 1765 admonuit:
679 1732 699 1747 “
712 1728 922 1766 Pastorem.
942 1727 1086 1776 Tityre,
1104 1726 1263 1776 pingues

223 1781 381 1819 Pascere
400 1783 549 1831 oportet
568 1794 665 1826 oves,
685 1781 890 1818 deductum
908 1780 1028 1817 dicere
1047 1779 1234 1816 carmen.'’

223 1835 339 1872 Nune
359 1848 428 1884 ego
452 1834 630 1884 (namque
650 1847 760 1884 super
776 1834 849 1871 tibi
868 1836 991 1878 erunt,
1011 1832 1075 1882 qui
1094 1832 1214 1869 dicere
1232 1831 1371 1878 laudes,

223 1887 333 1933 Vare,
352 1890 438 1924 tuas
458 1888 621 1936 cupiant‚
642 1890 680 1924 et
699 1887 824 1924 tristia
843 1887 998 1924 condere
1016 1885 1142 1933 bella)

223 1941 426 1990 Agrestem
443 1941 550 1978 tenui
568 1941 778 1977 meditabor
796 1940 975 1977 arundine
995 1939 1159 1975 Musam.

223 1993 315 2031 Non
332 1994 473 2044 injussa
491 2007 594 2030 cano.
650 1993 690 2030 Si
709 1993 790 2043 quis
808 1995 937 2030 tamen
955 1993 1034 2029 haee
1054 2003 1212 2041 quoque,
1231 1991 1264 2027 si
1282 1990 1364 2040 quis

225 2046 367 2097 Captus
387 2060 511 2084 amore
528 2046 641 2096 leget,
660 2048 700 2084 te
718 2048 869 2091 nostrae,
888 2045 998 2091 Vare,
1018 2044 1180 2094 myricae,

224 2099 278 2137 Te
296 2113 428 2137 nemus
448 2113 556 2137 omne
576 2102 706 2145 eanet3
734 2113 802 2137 neo
822 2099 968 2136 Phoebo
987 2098 1131 2148 gratior
1148 2097 1225 2134 ulla
1243 2098 1312 2142 est,

224 2153 346 2200 Quam
365 2153 436 2191 sibi
455 2166 536 2202 quae
554 2152 645 2189 Vari
662 2152 889 2203 praeseripsit
906 2152 1045 2202 pagina
1061 2164 1211 2188 nomen.

276 2206 442 2257 Pergste,
461 2205 639 2243 Pierides.
695 2205 869 2243 Chromis
889 2208 927 2242 et
946 2204 1147 2255 Mnasylus
1165 2204 1206 2241 in
1225 2205 1334 2241 antro

225 2259 392 2297 Silenum
409 2259 515 2309 pueri
533 2272 664 2296 somno
682 2259 807 2296 videre
819 2259 1021 2309 jacentem,

224 2311 408 2350 Inflatum
426 2312 602 2349 hesterno
620 2325 745 2357 venas,
765 2315 810 2349 ut
829 2324 984 2361 semper,
1004 2310 1163 2347 Iaccho:

225 2365 334 2403 Serta
351 2365 482 2415 procu]
498 2368 653 2402 tantum
672 2365 787 2415 capiti
805 2365 956 2414 delapsa
968 2363 1156 2414 jacebant,

225 2418 282 2456 Et
299 2419 424 2469 gravis
443 2418 578 2456 attrita
594 2419 782 2469 pendebat
801 2418 1004 2456 cantharus
1023 2429 1124 2454 ansa.

227 2471 418 2521 Aggressi‚
436 2485 526 2509 nam
544 2485 640 2522 saepe
659 2485 771 2509 senex
790 2484 854 2520 spe
873 2470 1047 2508 carminis
1066 2469 1176 2507 ambo

227 2524 398 2571 Luserat,
417 2524 592 2575 injiciunt
610 2524 701 2575 ipsis
720 2538 764 2561 ex
782 2524 932 2561 vincula
950 2523 1070 2561 sertis.

229 2577 348 2615 Addit
366 2591 404 2616 se
423 2578 561 2616 sociam
578 2577 796 2628 timidisque
815 2576 1029 2628 supervenit
1049 2575 1225 2626 AEgle‚—-

1417 85 1467 122 15
