1674 2775
254 115 334 153 330
666 126 701 153 Ρ.
724 126 911 153 1111611311
929 127 1118 155 1161101115

306 219 494 258 Massicus
513 222 630 258 aelata
647 221 819 271 princeps
838 225 940 259 secat
962 236 1127 283 aequora·
1129 223 1245 274 tigri:

253 272 332 310 Sub
352 287 425 323 quo
445 274 547 311 mille
566 288 700 311 manus
713 274 911 324 juvenum,
931 275 995 335 qui
1014 276 1154 313 moenia
1173 277 1288 324 Clusi,

253 326 401 376 Quique
419 327 551 364 urbem
569 327 709 376 liqueie
730 327 865 365 Cosas·
895 329 999 377 queis
1017 329 1104 376 tela,
1125 330 1279 381 sagittae

253 378 465 430 Gorytique
483 380 583 417 leves
601 380 768 417 humeris
788 383 827 418 et
845 381 969 418 letifer
988 395 1106 419 arcus.

252 431 342 469 Una
358 435 490 470 torvus
510 433 634 470 Abas:
664 433 751 470 huie
770 436 898 471 totum
917 434 1128 484 insignibus
1149 436 1262 473 armis

251 485 415 535 Agmen,
436 488 475 523 et
495 488 625 523 aurato
645 486 815 537 fulgebat
834 487 1010 537 Apolline
1028 489 1176 538 puppis.

252 537 456 576 Sexcentos
476 539 531 576 issi
550 519 723 577 dederatD
724 540 935 590 Populonia
953 543 1076 578 mater

251 591 440 641 Expertos
460 592 576 629 116111
561 596 830 643 1]ι11*61165;65’ῡ
850 593 910 630 Ilv
899 607 934 630 a
951 596 1142 632 trecentos

251 643 394 691 Insula,
413 645 647 682 inexhaustis
668 646 924 696 Chalybumg
903 660 1083 684 ο’61161056
1101 647 1276 685 metallis.

251 697 416 745 Tertius,
434 698 496 736 ille
516 699 713 736 hominum
733 699 795 736 div
785 713 936 759 umque
955 699 1140 750 interpres
1159 701 1240 751 Asy
1242 702 1308 748 las,

251 749 322 787 Cui
342 752 528 801 pecudum
548 752 652 789 fibrae
672 752 756 789 coeli
775 753 835 790 cui
855 753 976 790 sidera
993 756 1140 803 palent,

250 803 306 840 Et
325 804 464 854 linguae
482 805 611 842 volucr
615 819 689 851 um,
709 807 748 843 et
767 819 811 856 pr
815 806 930 856 aesagi
948 806 1146 843 fulminis'
1136 820 1256 856 ignes,

250 856 360 894 Mine
378 858 478 907 rapit
497 858 630 895 densos
650 859 726 896 6616
746 862 860 909 atque
878 860 1120 897 horrentibus
1139 860 1272 897 hastis.

250 909 336 947 Hos
355 924 482 960 parere
495 911 634 962 jubent
654 912 810 962 Alpheae
830 913 876 949 ab
896 913 1040 962 origine
1060 913 1170 959 Pisae,

249 962 352 1000 Urbs
372 964 537 1002 Etrusca
555 965 645 1002 solo.
702 965 880 1015 Sequitur
898 966 1172 1015 pulcherrimus
1192 966 1324 1012 Astur,

249 1016 371 1053 Astur
390 1031 484 1066 equo
504 1018 623 1055 fidens
643 1020 681 1056 et
700 1019 986 1056 versicoloribus
1006 1019 1131 1056 armis.

249 1069 480 1107 Tercentum
499 1071 692 1121 adjiciunt,
711 1085 817 1109 mens
837 1072 1012 1109 omnibus
1030 1086 1106 1109 una
1125 1072 1315 1122 sequendi,

249 1122 324 1168 Qui
344 1123 488 1161 Caerete
507 1125 630 1172 domo,
650 1125 714 1174 qui
733 1127 822 1162 sunt
842 1125 1026 1162 Minionis
1045 1126 1085 1162 in
1104 1125 1214 1172 arvis,

248 1175 305 1213 Et
325 1176 445 1227 Pyrgi
463 1180 620 1223 Veteres,
638 1178 949 1228 intempestaeque
969 1179 1170 1216 Graviscae.

301 1229 393 1267 Non
413 1243 482 1280 ego
501 1233 552 1276 te,
573 1231 759 1281 Ligurum
779 1232 914 1268 ductor
932 1232 1135 1269 fortissime
1153 1231 1263 1277 bello,

248 1281 490 1329 Transierim,
510 1283 662 1334 Cinyra,
683 1287 721 1321 et
740 1285 868 1334 paucis
888 1285 1067 1322 comitate
1087 1284 1253 1334 Cupavo,

249 1334 366 1385 Cujus
387 1336 537 1373 olorinae
557 1340 720 1387 surgunt
740 1337 784 1374 de
803 1337 944 1374 vertice
962 1350 1097 1387 pennae
1114 1354 1121 1375 z

249 1387 403 1426 Crimen
422 1402 526 1427 amor
544 1394 727 1436 vestrum,
747 1390 950 1439 formaeque
969 1390 1117 1440 insigne
1136 1392 1313 1440 paternae.

247 1441 426 1491 Namque
444 1443 583 1488 ferunt,
602 1443 711 1480 luctu
731 1443 905 1493 Cycnum
925 1443 1181 1480 Phaethontis
1200 1443 1328 1489 amati,

248 1494 435 1544 Populeas
453 1495 554 1538 inter
572 1497 721 1533 frondes
740 1497 988 1545 umbramque
1007 1509 1179 1533 sororum

248 1547 356 1584 Dum
375 1548 488 1594 canit,
509 1552 547 1586 et
567 1552 743 1585 maestum
763 1549 878 1586 Musa
896 1549 1040 1586 solatur
1059 1562 1237 1595 amorem,

249 1599 460 1638 Canentem
478 1601 585 1639 molli
602 1602 732 1652 pluma
750 1602 899 1639 duxisse
918 1604 1119 1647 senectam,

248 1653 505 1703 Linquentem
524 1657 655 1701 terras,
676 1658 715 1692 et
735 1655 855 1692 sidera
873 1668 964 1692 voce
983 1657 1215 1703 sequentem.

250 1707 383 1753 Filius,
402 1708 564 1757 aequales
584 1708 788 1745 comitatus
808 1708 923 1745 classe
942 1710 1123 1753 catervas,

249 1759 457 1810 Ingentem
475 1761 587 1798 remis
607 1761 842 1798 Centaurum
860 1763 1058 1811 promovet
1076 1777 1083 1807 ;
1111 1760 1176 1798 ille

249 1812 379 1850 Instat
399 1827 520 1863 aquee,
540 1828 745 1864 saxumque
764 1814 876 1851 undis
894 1814 1059 1851 immane
1079 1814 1247 1851 minatur

249 1866 415 1913 Arduus,
435 1870 473 1904 et
492 1867 607 1917 longa
626 1868 747 1905 sulcat
766 1868 885 1904 maria
903 1867 982 1904 alta
1001 1867 1136 1904 carina.

303 1919 374 1957 Ille
393 1920 509 1957 etiam
527 1921 659 1970 patriis
680 1934 815 1970 agmen
835 1921 909 1958 ciet
929 1920 1055 1958 Ocnus
1075 1920 1121 1957 ab
1141 1919 1226 1966 oris,

251 1972 436 2010 Fatidicae
455 1974 615 2011 Mantus
635 1976 674 2011 et
694 1973 809 2010 Tusci
827 1974 925 2011 filius
945 1973 1077 2019 amnis,

251 2025 325 2071 Qui
344 2039 470 2063 muros
490 2027 696 2077 matrisque
716 2027 820 2064 dedit
838 2027 922 2072 tibi,
942 2027 1116 2086 Mantua,
1131 2039 1336 2071 nomen,—

250 2078 427 2124 Mantua,
447 2079 550 2116 dives
569 2093 614 2117 61
617 2094 669 2117 15
699 2080 764 2117 sed
781 2093 858 2117 non
877 2093 996 2130 genus
1016 2079 1191 2116 omnibus
1210 2092 1342 2115 unum.

252 2131 355 2169 Gens
374 2132 429 2168 illi
446 2132 595 2182 triplex,
614 2133 743 2182 populi
762 2134 832 2170 sub
851 2135 966 2183 gente
985 2131 1180 2192 quaterni:

251 2184 341 2234 Ipsa
360 2188 474 2235 caput
492 2185 660 2235 populis:
691 2186 814 2223 Tusco
834 2186 879 2223 de
899 2185 1080 2235 sanguine
1099 2184 1208 2221 vires

251 2237 357 2275 Η1116
377 2251 524 2288 quoque
544 2239 800 2289 quingentos
791 2253 831 2275 in
850 2252 888 2276 se
908 2238 1123 2275 Mezentius
1143 2239 1276 2282 armat,

251 2290 354 2337 Quos
373 2293 480 2341 patre
500 2292 650 2329 Benaco
669 2291 817 2329 velatus
837 2291 1019 2328 arundine
1035 2290 1172 2350 glauca

252 2343 421 2381 Mincius
440 2344 578 2382 infesta
597 2344 786 2382 ducebat
776 2358 816 2381 m
837 2357 989 2393 aequora.
1006 2344 1110 2393 pinu.

305 2396 347 2434 It
365 2397 491 2447 gravis
510 2398 699 2444 Aulestes,
719 2400 949 2446 centenaque
968 2397 1098 2434 arbore
1116 2395 1255 2433 fluctus

251 2449 436 2487 Verberat
456 2464 654 2501 assurgens
672 2468 679 2488 :
709 2452 889 2500 spumant
907 2450 1000 2487 vada
1021 2462 1207 2486 marmore
1226 2462 1343 2486 verso.

251 2502 370 2540 Hune
387 2504 495 2541 vehit
513 2504 689 2541 immanis
709 2504 845 2541 Triton
864 2505 903 2540 et
922 2503 1062 2540 caerula
1080 2502 1224 2540 60116116

251 2556 458 2594 Exterrens
477 2557 574 2594 freta
591 2574 598 2594 :
628 2557 687 2595 cui
706 2557 868 2594 laterum
886 2558 998 2593 tenus
1016 2555 1166 2605 hispida
1183 2554 1294 2592 nanti

252 2608 374 2647 Frons
393 2610 587 2648 hominem
604 2611 768 2661 praefert,
787 2610 828 2647 in
845 2609 984 2660 pristin
1003 2608 1142 2646 desinit
1162 2608 1291 2654 alvus;
