1674 2775
709 115 899 143 AENEIDOS
919 115 1003 141 ΠΒ.
1022 115 1100 141 XII.
1463 106 1539 144 399

265 213 295 252 J
297 227 359 251 am
371 213 454 264 jam
471 212 603 263 linquo
623 211 731 250 acies.
787 211 849 249 Ne
868 225 929 249 me
948 212 1089 248 terrete
1107 210 1323 259 timentem,

266 267 450 305 Obscenae
470 266 663 312 volucres;
692 265 836 303 alarum
856 265 1012 302 verbera
1030 278 1156 311 nosco,

264 320 512 369 Letalemque
531 333 667 357 sonum
683 335 692 366 ;
719 332 788 356 nec
808 318 945 356 fallunt
959 318 1066 368 jussa
1085 318 1245 368 superba

266 373 509 425 Magnanimi
528 372 556 410 J
558 373 651 410 ovis.
708 372 807 409 Haec
827 386 895 422 pro
914 371 1137 422 virginitate
1155 372 1306 422 reponit
1323 371 1340 410 Ῥ

266 428 350 474 Quo
369 427 491 464 vitam
510 427 614 464 dedit
635 428 814 463 aeternam
830 425 846 463 ’ἓ
876 439 943 463 cur
961 425 1096 462 mortis
1116 425 1269 463 ademta
1288 429 1346 464 est

266 479 477 518 Conditio‘?
506 494 655 530 possem
673 482 804 517 tantos
824 479 932 516 finire
952 479 1098 516 dolores

264 533 381 571 Nunc
400 536 514 581 certe,
534 537 572 572 et
591 533 727 571 misero
746 533 855 570 fratri
875 546 1000 570 comes
1019 532 1072 570 ire
1091 546 1157 582 per
1176 533 1341 571 umbras.

264 587 502 625 Immortalis
521 601 591 638 ego
609 587 625 625 Ρ
655 590 722 624 aut
741 587 947 637 quidquam
966 586 1062 623 mihi
1081 586 1189 624 dulce
1208 601 1380 625 meorum

265 641 320 679 Te
340 642 431 688 sine,
450 641 578 688 frater,
598 640 702 679 erit?
759 640 791 677 O
812 654 894 689 quae
914 639 1006 677 satis
1025 639 1104 677 alta
1123 640 1293 678 dehiscat

265 695 383 732 Terra
401 695 508 741 mihi,
528 707 731 744 manesque
750 694 861 731 deam
879 694 1060 731 demittat
1081 693 1128 730 ad
1147 693 1242 732 imos
1258 694 1308 733 ?”

265 748 437 786 Tantum
455 749 579 795 effata,
600 750 715 798 caput
735 748 869 798 glauco
889 747 1059 785 contexit
1079 747 1224 785 amictu

265 802 397 840 Multa
414 816 582 852 gemens,
601 805 641 839 et
660 815 698 838 se
717 800 833 838 fluvio
853 801 923 838 dea
941 800 1111 838 condidit
1131 801 1223 839 alto.

318 855 459 893 AEneas
479 856 599 893 instat
619 857 763 901 contra,
782 855 978 904 telumque
997 857 1170 892 coruscat

265 909 410 959 Ingens
430 909 640 955 arboreum,
661 912 700 946 et
719 922 822 946 saevo
842 908 894 946 sic
914 910 1065 958 pectore
1084 908 1207 946 fatur:

264 966 286 982 “
300 963 395 1010 Quae
407 977 508 1001 nunc
521 962 655 1000 deinde
670 976 776 1000 mora
787 964 845 999 est
857 961 873 1000 ⁴?
888 965 955 999 aut
969 961 1059 1011 quid
1065 961 1158 1011 jam,
1172 962 1312 1010 Turne,
1324 965 1506 1002 retractas
1523 962 1539 1001 Ρ

264 1016 358 1054 Non
377 1030 500 1063 cursu,
521 1016 627 1054 saevis
648 1016 872 1053 certandum
891 1018 949 1053 est
969 1015 1141 1053 cominus
1162 1016 1287 1053 armis.

264 1070 383 1108 Verte
403 1084 533 1108 omnes
552 1072 633 1107 tete
652 1069 692 1107 in
711 1069 846 1116 facies;
874 1071 913 1107 et
933 1069 1127 1115 contrahe,
1148 1069 1333 1119 quidquid

266 1123 353 1162 Sive
373 1124 508 1161 animis
529 1124 606 1161 sive
626 1126 707 1161 arte
726 1123 849 1169 vales3
879 1126 969 1173 opta
989 1123 1106 1160 ardua
1124 1123 1257 1173 pennis

265 1178 384 1215 Astra
402 1178 518 1228 sequi,
539 1177 756 1215 clausumve
775 1190 867 1214 cava
884 1180 924 1214 te
944 1177 1102 1214 condere
1121 1177 1261 1214 terra.”

265 1231 339 1269 Ille
359 1234 474 1282 caput
494 1245 697 1282 quassans:
728 1231 855 1268 “Non
876 1244 937 1268 me
956 1232 1025 1267 tua
1042 1230 1188 1267 fervida
1206 1233 1354 1269 terrent

264 1284 393 1331 Dicta,
413 1285 517 1323 ferox
533 1302 540 1331 ;
569 1285 608 1322 di
627 1298 687 1322 me
706 1287 864 1330 terrent,
886 1286 924 1322 et
944 1283 1100 1334 Jupiter
1118 1284 1282 1322 hostis.''

263 1337 348 1376 Nec
367 1338 478 1388 plura
497 1339 645 1385 effatus,
665 1352 798 1375 saxum
818 1338 1075 1388 circumspicit
1094 1337 1241 1388 ingens,

264 1392 407 1429 Saxum
426 1392 642 1442 antiquum,
661 1392 807 1442 ingens,
828 1405 960 1441 campo
981 1392 1081 1442 quod
1100 1392 1198 1429 forte
1211 1392 1375 1442 jacebat,

264 1445 394 1483 Limes
414 1459 505 1496 agro
524 1446 684 1496 positus,
703 1446 812 1483 litem
831 1448 875 1483 ut
895 1445 1124 1483 discerneret
1143 1445 1264 1493 arvis3

264 1498 341 1536 Vix
359 1499 455 1536 illud
472 1500 563 1537 lecti
582 1499 638 1537 bis
659 1513 723 1537 sex
742 1499 884 1537 cervice
904 1499 1087 1545 subirent,

264 1552 400 1599 Qualia
418 1567 519 1591 nunc
537 1553 738 1591 hominum
757 1553 934 1603 producit
953 1566 1109 1603 corpora
1126 1552 1242 1590 tellus
1257 1570 1264 1591 :

264 1605 336 1644 Ille
356 1620 473 1644 manu
491 1610 646 1657 raptum
663 1607 813 1657 trepida
831 1607 1035 1657 torquebat
1054 1607 1093 1643 in
1113 1606 1278 1654 hostem,

265 1659 394 1698 Altior
412 1660 624 1711 'rusus-gens,
645 1663 684 1698 et
704 1674 815 1698 cursu
834 1661 1006 1698 concitus
1026 1660 1148 1698 heros.

264 1713 339 1751 Sed
357 1727 479 1764 neque
498 1717 714 1752 currentem
733 1728 782 1761 se,
802 1728 871 1752 nec
891 1714 1087 1765 cognoscit
1107 1716 1274 1761 euntem,

264 1766 527 1806 Tollentemve
546 1782 663 1806 manu
682 1782 888 1818 saxumque
908 1768 1074 1805 immane
1094 1770 1335 1806 moventem:

261 1820 400 1858 Genua
416 1821 569 1868 labant3
598 1822 746 1872 gelidus
766 1822 958 1860 concrevit
978 1822 1116 1872 frigore
1137 1822 1304 1872 sanguis.

263 1873 366 1912 Tum
384 1875 479 1925 lapis
498 1875 577 1925 ipse
596 1875 679 1921 viri,
698 1889 861 1913 vacuum
880 1889 946 1926 per
965 1876 1076 1912 inane
1095 1875 1262 1923 volutus,

262 1927 346 1965 Nee
366 1928 535 1979 spatium
554 1929 675 1966 evasit
693 1931 834 1975 totum,
853 1942 922 1966 nec
942 1929 1101 1979 pertulit
1120 1929 1253 1966 ictum.

262 1981 321 2018 Ac
339 1982 447 2020 velut
465 1982 505 2020 in
524 1983 679 2029 somnis,
698 1982 826 2020 oculos
845 1983 911 2020 ubi
929 1983 1109 2033 languida
1126 1982 1264 2032 pressit

262 2034 391 2073 Nocte
411 2036 527 2085 quies,
546 2036 804 2087 nequidquam
823 2037 953 2074 avidos
974 2037 1175 2074 extendere
1195 2050 1325 2074 cursus

261 2087 369 2126 Velle
387 2089 572 2136 videmur,
592 2093 631 2128 et
650 2090 691 2127 in
710 2090 842 2128 mediis
863 2090 1062 2128 conatibus
1083 2090 1175 2141 aegri

262 2141 524 2189 Succidjmus;
551 2157 629 2181 non
647 2143 780 2194 lingua
797 2144 912 2190 valet,
932 2158 1009 2182 non
1028 2157 1183 2194 corpore
1202 2146 1307 2181 notre

262 2195 465 2234 Sufficiunt
484 2196 593 2244 vires,
612 2211 681 2235 nec
699 2211 773 2235 vox
792 2200 860 2235 aut
878 2198 994 2235 verba
1012 2201 1224 2247 sequuntur
1239 2214 1247 2235 ε

261 2248 323 2287 Sic
343 2249 485 2297 'rm-no,
506 2264 741 2301 quacumque
759 2251 862 2289 viam
879 2251 1026 2290 virtute
1043 2252 1194 2302 petivit,

263 2301 487 2341 Successum
506 2305 575 2342 dea
593 2305 676 2342 (lira
693 2307 822 2356 negat.
878 2305 980 2343 Tum
999 2308 1152 2355 pectore
1171 2318 1304 2343 sensus

262 2353 479 2395 Vel-buntur
496 2358 602 2396 varii.
658 2359 826 2397 Rutulos
846 2361 1017 2409 aspectat
1037 2361 1076 2396 et
1094 2359 1240 2405 urbem,

264 2407 552 2462 Cunctaturque
571 2414 690 2459 metm,
709 2413 904 2463 telumque
923 2413 1066 2450 instare
1085 2412 1294 2459 tremiscit3

262 2460 347 2499 Nec
366 2476 439 2512 quo
458 2479 497 2503 se
516 2466 662 2517 eripiat,
681 2480 750 2504 nec
770 2480 844 2516 qua
862 2467 900 2503 vi
918 2466 1054 2504 tendat
1072 2466 1113 2503 in
1130 2466 1294 2513 hostem⁷

261 2514 346 2552 Nec
365 2529 495 2555 currus
513 2533 674 2569 usquam
693 2520 809 2565 videt,
829 2520 1047 2570 aurigamve
1067 2533 1244 2558 sororem.

262 2567 471 2608 Cunctanti
487 2572 610 2610 telum
627 2573 768 2611 AEneas
786 2573 900 2611 fatale
918 2575 1102 2619 coruscat,

260 2621 428 2662 Sortitus
445 2624 640 2664 fortunam
658 2627 798 2675 oculis3
825 2629 865 2665 et
883 2640 1037 2678 corpore
1055 2628 1140 2664 toto
