<?xml version="1.0" encoding="UTF-8"?>
<!DOCTYPE html PUBLIC "-//W3C//DTD XHTML 1.0 Transitional//EN"
    "http://www.w3.org/TR/xhtml1/DTD/xhtml1-transitional.dtd">
<html xmlns="http://www.w3.org/1999/xhtml" xml:lang="en" lang="en">
 <head>
  <title>
</title>
<meta http-equiv="Content-Type" content="text/html;charset=utf-8" />
  <meta name='ocr-system' content='tesseract 3.04.00' />
  <meta name='ocr-capabilities' content='ocr_page ocr_carea ocr_par ocr_line ocrx_word'/>
</head>
<body>
  <div class='ocr_page' id='page_1' title='image "./worksfromtextofh00virguoft_0122.png"; bbox 0 0 1705 2744; ppageno 0'>
   <div class='ocr_carea' id='block_1_1' title="bbox 216 54 1049 93">
    <p class='ocr_par' dir='ltr' id='par_1_1' title="bbox 216 54 1049 93">
     <span class='ocr_line' id='line_1_1' title="bbox 216 54 1049 93; baseline 0.001 -2"><span class='ocrx_word' id='word_1_1' title='bbox 216 54 266 92; x_wconf 87' lang='grc'>88</span> <span class='ocrx_word' id='word_1_2' title='bbox 599 65 635 91; x_wconf 83' lang='lat' dir='ltr'>P.</span> <span class='ocrx_word' id='word_1_3' title='bbox 653 64 840 92; x_wconf 61' lang='lat' dir='ltr'>mmmm</span> <span class='ocrx_word' id='word_1_4' title='bbox 859 63 1049 93; x_wconf 77' lang='lat' dir='ltr'>MARoms</span> 
     </span>
    </p>
   </div>
   <div class='ocr_carea' id='block_1_2' title="bbox 208 158 1324 2610">
    <p class='ocr_par' dir='ltr' id='par_1_2' title="bbox 208 158 1324 2610">
     <span class='ocr_line' id='line_1_2' title="bbox 214 158 1096 212; baseline 0.003 -16"><span class='ocrx_word' id='word_1_5' title='bbox 214 159 270 197; x_wconf 87' lang='lat' dir='ltr'>Et</span> <span class='ocrx_word' id='word_1_6' title='bbox 289 158 437 197; x_wconf 81' lang='lat' dir='ltr'>munire</span> <span class='ocrx_word' id='word_1_7' title='bbox 455 159 571 207; x_wconf 86' lang='lat' dir='ltr'>favos,</span> <span class='ocrx_word' id='word_1_8' title='bbox 590 162 630 198; x_wconf 85' lang='lat' dir='ltr'>et</span> <span class='ocrx_word' id='word_1_9' title='bbox 649 160 793 199; x_wconf 86' lang='lat' dir='ltr'>daedala</span> <span class='ocrx_word' id='word_1_10' title='bbox 810 161 952 212; x_wconf 84' lang='lat' dir='ltr'>fingere</span> <span class='ocrx_word' id='word_1_11' title='bbox 970 163 1096 199; x_wconf 87' lang='lat' dir='ltr'>tecta:</span> 
     </span>
     <span class='ocr_line' id='line_1_3' title="bbox 214 213 1105 262; baseline 0.004 -13"><span class='ocrx_word' id='word_1_12' title='bbox 214 213 270 250; x_wconf 85' lang='lat' dir='ltr'>At</span> <span class='ocrx_word' id='word_1_13' title='bbox 289 213 395 251; x_wconf 80' lang='lat' dir='ltr'>fessae</span> <span class='ocrx_word' id='word_1_14' title='bbox 415 214 539 251; x_wconf 87' lang='lat' dir='ltr'>multa</span> <span class='ocrx_word' id='word_1_15' title='bbox 555 214 725 252; x_wconf 85' lang='lat' dir='ltr'>referunt</span> <span class='ocrx_word' id='word_1_16' title='bbox 744 228 782 252; x_wconf 91' lang='lat' dir='ltr'>se</span> <span class='ocrx_word' id='word_1_17' title='bbox 801 218 912 253; x_wconf 88' lang='lat' dir='ltr'>nocte</span> <span class='ocrx_word' id='word_1_18' title='bbox 931 215 1105 262; x_wconf 89' lang='lat' dir='ltr'>minores,</span> 
     </span>
     <span class='ocr_line' id='line_1_4' title="bbox 215 265 1270 318; baseline 0.003 -15"><span class='ocrx_word' id='word_1_19' title='bbox 215 265 336 304; x_wconf 83' lang='lat' dir='ltr'>Crura</span> <span class='ocrx_word' id='word_1_20' title='bbox 353 267 490 317; x_wconf 83' lang='lat' dir='ltr'>thymo</span> <span class='ocrx_word' id='word_1_21' title='bbox 508 267 653 317; x_wconf 82' lang='lat' dir='ltr'>plenae3</span> <span class='ocrx_word' id='word_1_22' title='bbox 680 270 888 318; x_wconf 87' lang='lat' dir='ltr'>pascuntur</span> <span class='ocrx_word' id='word_1_23' title='bbox 907 271 946 306; x_wconf 87' lang='lat' dir='ltr'>et</span> <span class='ocrx_word' id='word_1_24' title='bbox 965 269 1102 306; x_wconf 87' lang='lat' dir='ltr'>arbuta</span> <span class='ocrx_word' id='word_1_25' title='bbox 1118 267 1270 318; x_wconf 82' lang='lat' dir='ltr'>passim,</span> 
     </span>
     <span class='ocr_line' id='line_1_5' title="bbox 214 319 1293 371; baseline 0.003 -15"><span class='ocrx_word' id='word_1_26' title='bbox 214 319 270 357; x_wconf 85' lang='lat' dir='ltr'>Et</span> <span class='ocrx_word' id='word_1_27' title='bbox 289 320 441 370; x_wconf 87' lang='lat' dir='ltr'>glaucas</span> <span class='ocrx_word' id='word_1_28' title='bbox 461 321 590 358; x_wconf 91' lang='lat' dir='ltr'>salices</span> <span class='ocrx_word' id='word_1_29' title='bbox 609 321 831 370; x_wconf 85' lang='lat' dir='ltr'>casiamque,</span> <span class='ocrx_word' id='word_1_30' title='bbox 850 335 1075 371; x_wconf 77' lang='lat' dir='ltr'>crocumque</span> <span class='ocrx_word' id='word_1_31' title='bbox 1094 322 1293 360; x_wconf 86' lang='lat' dir='ltr'>rubentem</span> 
     </span>
     <span class='ocr_line' id='line_1_6' title="bbox 215 373 1182 426; baseline 0.002 -16"><span class='ocrx_word' id='word_1_32' title='bbox 215 373 270 410; x_wconf 87' lang='lat' dir='ltr'>Et</span> <span class='ocrx_word' id='word_1_33' title='bbox 288 373 471 424; x_wconf 77' lang='lat' dir='ltr'>pinguem</span> <span class='ocrx_word' id='word_1_34' title='bbox 489 373 613 411; x_wconf 87' lang='lat' dir='ltr'>tiliam</span> <span class='ocrx_word' id='word_1_35' title='bbox 632 376 671 411; x_wconf 88' lang='lat' dir='ltr'>et</span> <span class='ocrx_word' id='word_1_36' title='bbox 689 374 922 425; x_wconf 87' lang='lat' dir='ltr'>ferrugineos</span> <span class='ocrx_word' id='word_1_37' title='bbox 940 375 1182 426; x_wconf 84' lang='lat' dir='ltr'>hyacinthos.</span> 
     </span>
     <span class='ocr_line' id='line_1_7' title="bbox 215 425 1256 477; baseline 0.003 -14"><span class='ocrx_word' id='word_1_38' title='bbox 215 425 403 464; x_wconf 90' lang='lat' dir='ltr'>Omnibus</span> <span class='ocrx_word' id='word_1_39' title='bbox 422 440 499 464; x_wconf 90' lang='lat' dir='ltr'>una</span> <span class='ocrx_word' id='word_1_40' title='bbox 517 427 622 476; x_wconf 89' lang='lat' dir='ltr'>quies</span> <span class='ocrx_word' id='word_1_41' title='bbox 641 440 808 477; x_wconf 86' lang='lat' dir='ltr'>operum,</span> <span class='ocrx_word' id='word_1_42' title='bbox 827 428 933 465; x_wconf 88' lang='lat' dir='ltr'>labor</span> <span class='ocrx_word' id='word_1_43' title='bbox 951 429 1127 466; x_wconf 88' lang='lat' dir='ltr'>omnibus</span> <span class='ocrx_word' id='word_1_44' title='bbox 1146 442 1256 466; x_wconf 89' lang='lat' dir='ltr'>unus.</span> 
     </span>
     <span class='ocr_line' id='line_1_8' title="bbox 214 478 1324 530; baseline 0.002 -13"><span class='ocrx_word' id='word_1_45' title='bbox 214 478 331 517; x_wconf 89' lang='lat' dir='ltr'>Mane</span> <span class='ocrx_word' id='word_1_46' title='bbox 350 482 470 518; x_wconf 87' lang='lat' dir='ltr'>ruunt</span> <span class='ocrx_word' id='word_1_47' title='bbox 488 480 631 530; x_wconf 89' lang='lat' dir='ltr'>portis;</span> <span class='ocrx_word' id='word_1_48' title='bbox 659 494 847 530; x_wconf 85' lang='lat' dir='ltr'>nusquam</span> <span class='ocrx_word' id='word_1_49' title='bbox 865 494 995 519; x_wconf 86' lang='lat' dir='ltr'>mora:</span> <span class='ocrx_word' id='word_1_50' title='bbox 1023 494 1154 518; x_wconf 87' lang='lat' dir='ltr'>rursus</span> <span class='ocrx_word' id='word_1_51' title='bbox 1175 481 1324 519; x_wconf 86' lang='lat' dir='ltr'>easdem</span> 
     </span>
     <span class='ocr_line' id='line_1_9' title="bbox 212 532 1140 584; baseline 0.001 -14"><span class='ocrx_word' id='word_1_52' title='bbox 212 532 356 583; x_wconf 79' lang='lat' dir='ltr'>Vesper</span> <span class='ocrx_word' id='word_1_53' title='bbox 374 533 441 571; x_wconf 89' lang='lat' dir='ltr'>ubi</span> <span class='ocrx_word' id='word_1_54' title='bbox 459 547 479 571; x_wconf 89' lang='lat' dir='ltr'>e</span> <span class='ocrx_word' id='word_1_55' title='bbox 497 536 611 583; x_wconf 86' lang='lat' dir='ltr'>pastu</span> <span class='ocrx_word' id='word_1_56' title='bbox 628 534 785 571; x_wconf 88' lang='lat' dir='ltr'>tandem</span> <span class='ocrx_word' id='word_1_57' title='bbox 803 534 980 572; x_wconf 79' lang='lat' dir='ltr'>decedere</span> <span class='ocrx_word' id='word_1_58' title='bbox 999 534 1140 584; x_wconf 86' lang='lat' dir='ltr'>campis</span> 
     </span>
     <span class='ocr_line' id='line_1_10' title="bbox 211 586 1288 638; baseline 0.001 -14"><span class='ocrx_word' id='word_1_59' title='bbox 211 586 438 633; x_wconf 81' lang='lat' dir='ltr'>Admonuit,</span> <span class='ocrx_word' id='word_1_60' title='bbox 457 589 544 624; x_wconf 90' lang='lat' dir='ltr'>tum</span> <span class='ocrx_word' id='word_1_61' title='bbox 561 589 666 625; x_wconf 87' lang='lat' dir='ltr'>tecta</span> <span class='ocrx_word' id='word_1_62' title='bbox 683 589 834 637; x_wconf 88' lang='lat' dir='ltr'>petunt,</span> <span class='ocrx_word' id='word_1_63' title='bbox 852 590 940 625; x_wconf 87' lang='lat' dir='ltr'>tum</span> <span class='ocrx_word' id='word_1_64' title='bbox 959 601 1114 638; x_wconf 88' lang='lat' dir='ltr'>corpora</span> <span class='ocrx_word' id='word_1_65' title='bbox 1131 589 1288 625; x_wconf 88' lang='lat' dir='ltr'>curant:</span> 
     </span>
     <span class='ocr_line' id='line_1_11' title="bbox 212 639 1208 690; baseline 0.002 -14"><span class='ocrx_word' id='word_1_66' title='bbox 212 639 280 677; x_wconf 84' lang='lat' dir='ltr'>Fit</span> <span class='ocrx_word' id='word_1_67' title='bbox 300 640 459 687; x_wconf 88' lang='lat' dir='ltr'>sonitus,</span> <span class='ocrx_word' id='word_1_68' title='bbox 479 643 726 690; x_wconf 71' lang='lat' dir='ltr'>mussantque</span> <span class='ocrx_word' id='word_1_69' title='bbox 746 654 828 678; x_wconf 87' lang='lat' dir='ltr'>oras</span> <span class='ocrx_word' id='word_1_70' title='bbox 848 643 887 678; x_wconf 87' lang='lat' dir='ltr'>et</span> <span class='ocrx_word' id='word_1_71' title='bbox 904 640 1038 678; x_wconf 84' lang='lat' dir='ltr'>limina</span> <span class='ocrx_word' id='word_1_72' title='bbox 1055 641 1208 678; x_wconf 88' lang='lat' dir='ltr'>circum.</span> 
     </span>
     <span class='ocr_line' id='line_1_12' title="bbox 212 693 1185 744; baseline 0.001 -14"><span class='ocrx_word' id='word_1_73' title='bbox 212 693 320 739; x_wconf 88' lang='lat' dir='ltr'>Post,</span> <span class='ocrx_word' id='word_1_74' title='bbox 339 693 406 731; x_wconf 91' lang='lat' dir='ltr'>ubi</span> <span class='ocrx_word' id='word_1_75' title='bbox 418 693 500 744; x_wconf 89' lang='lat' dir='ltr'>jam</span> <span class='ocrx_word' id='word_1_76' title='bbox 518 694 698 731; x_wconf 84' lang='lat' dir='ltr'>thalamis</span> <span class='ocrx_word' id='word_1_77' title='bbox 718 707 756 731; x_wconf 90' lang='lat' dir='ltr'>se</span> <span class='ocrx_word' id='word_1_78' title='bbox 777 707 1030 744; x_wconf 88' lang='lat' dir='ltr'>composuere,</span> <span class='ocrx_word' id='word_1_79' title='bbox 1050 694 1185 732; x_wconf 84' lang='lat' dir='ltr'>siletur</span> 
     </span>
     <span class='ocr_line' id='line_1_13' title="bbox 212 746 1213 798; baseline 0.002 -15"><span class='ocrx_word' id='word_1_80' title='bbox 212 746 262 783; x_wconf 90' lang='lat' dir='ltr'>In</span> <span class='ocrx_word' id='word_1_81' title='bbox 280 749 445 794; x_wconf 82' lang='lat' dir='ltr'>noctem,</span> <span class='ocrx_word' id='word_1_82' title='bbox 464 748 655 797; x_wconf 88' lang='lat' dir='ltr'>fessosque</span> <span class='ocrx_word' id='word_1_83' title='bbox 674 761 785 797; x_wconf 90' lang='lat' dir='ltr'>sopor</span> <span class='ocrx_word' id='word_1_84' title='bbox 804 761 895 785; x_wconf 88' lang='lat' dir='ltr'>suus</span> <span class='ocrx_word' id='word_1_85' title='bbox 915 750 1075 798; x_wconf 89' lang='lat' dir='ltr'>occupat</span> <span class='ocrx_word' id='word_1_86' title='bbox 1094 750 1213 785; x_wconf 81' lang='lat' dir='ltr'>artus.</span> 
     </span>
     <span class='ocr_line' id='line_1_14' title="bbox 211 800 1231 851; baseline 0.001 -14"><span class='ocrx_word' id='word_1_87' title='bbox 211 800 295 838; x_wconf 89' lang='lat' dir='ltr'>Nec</span> <span class='ocrx_word' id='word_1_88' title='bbox 314 814 402 838; x_wconf 88' lang='lat' dir='ltr'>vero</span> <span class='ocrx_word' id='word_1_89' title='bbox 421 814 444 838; x_wconf 88' lang='lat' dir='ltr'>a</span> <span class='ocrx_word' id='word_1_90' title='bbox 462 800 620 838; x_wconf 86' lang='lat' dir='ltr'>stabulis</span> <span class='ocrx_word' id='word_1_91' title='bbox 640 800 769 850; x_wconf 85' lang='lat' dir='ltr'>pluvia</span> <span class='ocrx_word' id='word_1_92' title='bbox 787 801 1030 851; x_wconf 86' lang='lat' dir='ltr'>impendente</span> <span class='ocrx_word' id='word_1_93' title='bbox 1047 801 1231 839; x_wconf 79' lang='lat' dir='ltr'>recedunt</span> 
     </span>
     <span class='ocr_line' id='line_1_15' title="bbox 211 853 1234 904; baseline 0.001 -14"><span class='ocrx_word' id='word_1_94' title='bbox 211 853 395 904; x_wconf 83' lang='lat' dir='ltr'>Longius,</span> <span class='ocrx_word' id='word_1_95' title='bbox 416 856 483 891; x_wconf 86' lang='lat' dir='ltr'>aut</span> <span class='ocrx_word' id='word_1_96' title='bbox 503 854 663 892; x_wconf 81' lang='lat' dir='ltr'>credunt</span> <span class='ocrx_word' id='word_1_97' title='bbox 684 854 777 892; x_wconf 84' lang='lat' dir='ltr'>coelo</span> <span class='ocrx_word' id='word_1_98' title='bbox 796 854 1092 892; x_wconf 75' lang='lat' dir='ltr'>adventantibus</span> <span class='ocrx_word' id='word_1_99' title='bbox 1112 854 1210 892; x_wconf 89' lang='lat' dir='ltr'>euris</span> <span class='ocrx_word' id='word_1_100' title='bbox 1226 871 1234 901; x_wconf 90' lang='lat'>;</span> 
     </span>
     <span class='ocr_line' id='line_1_16' title="bbox 212 906 1209 957; baseline 0.001 -13"><span class='ocrx_word' id='word_1_101' title='bbox 212 906 286 944; x_wconf 85' lang='lat' dir='ltr'>Sed</span> <span class='ocrx_word' id='word_1_102' title='bbox 305 907 449 944; x_wconf 87' lang='lat' dir='ltr'>circum</span> <span class='ocrx_word' id='word_1_103' title='bbox 467 909 565 945; x_wconf 87' lang='lat' dir='ltr'>tutae</span> <span class='ocrx_word' id='word_1_104' title='bbox 586 908 657 945; x_wconf 92' lang='lat' dir='ltr'>sub</span> <span class='ocrx_word' id='word_1_105' title='bbox 676 907 865 945; x_wconf 88' lang='lat' dir='ltr'>moenibus</span> <span class='ocrx_word' id='word_1_106' title='bbox 885 908 989 945; x_wconf 88' lang='lat' dir='ltr'>urbis</span> <span class='ocrx_word' id='word_1_107' title='bbox 1009 910 1209 957; x_wconf 87' lang='lat' dir='ltr'>aquantur,</span> 
     </span>
     <span class='ocr_line' id='line_1_17' title="bbox 211 960 1166 1011; baseline 0.001 -14"><span class='ocrx_word' id='word_1_108' title='bbox 211 960 478 1010; x_wconf 75' lang='lat' dir='ltr'>Excursusque</span> <span class='ocrx_word' id='word_1_109' title='bbox 496 961 627 998; x_wconf 87' lang='lat' dir='ltr'>breves</span> <span class='ocrx_word' id='word_1_110' title='bbox 646 963 813 1007; x_wconf 87' lang='lat' dir='ltr'>tentant,</span> <span class='ocrx_word' id='word_1_111' title='bbox 833 963 872 999; x_wconf 89' lang='lat' dir='ltr'>et</span> <span class='ocrx_word' id='word_1_112' title='bbox 892 974 990 1011; x_wconf 84' lang='lat' dir='ltr'>saepe</span> <span class='ocrx_word' id='word_1_113' title='bbox 1008 961 1166 1011; x_wconf 74' lang='lat' dir='ltr'>lapillos,</span> 
     </span>
     <span class='ocr_line' id='line_1_18' title="bbox 211 1013 1204 1065; baseline 0.002 -15"><span class='ocrx_word' id='word_1_114' title='bbox 211 1013 269 1050; x_wconf 86' lang='lat' dir='ltr'>Ut</span> <span class='ocrx_word' id='word_1_115' title='bbox 289 1014 437 1064; x_wconf 84' lang='lat' dir='ltr'>cymbae</span> <span class='ocrx_word' id='word_1_116' title='bbox 456 1014 650 1052; x_wconf 68' lang='lat' dir='ltr'>instabiles</span> <span class='ocrx_word' id='word_1_117' title='bbox 670 1015 793 1052; x_wconf 88' lang='lat' dir='ltr'>fluctu</span> <span class='ocrx_word' id='word_1_118' title='bbox 805 1014 978 1065; x_wconf 86' lang='lat' dir='ltr'>jactante</span> <span class='ocrx_word' id='word_1_119' title='bbox 998 1015 1204 1061; x_wconf 79' lang='lat' dir='ltr'>saburram,</span> 
     </span>
     <span class='ocr_line' id='line_1_19' title="bbox 209 1066 1123 1118; baseline 0.001 -14"><span class='ocrx_word' id='word_1_120' title='bbox 209 1066 389 1105; x_wconf 81' lang='lat' dir='ltr'>Tollunt:</span> <span class='ocrx_word' id='word_1_121' title='bbox 418 1067 478 1105; x_wconf 87' lang='lat' dir='ltr'>his</span> <span class='ocrx_word' id='word_1_122' title='bbox 498 1081 576 1105; x_wconf 90' lang='lat' dir='ltr'>sese</span> <span class='ocrx_word' id='word_1_123' title='bbox 595 1082 661 1118; x_wconf 87' lang='lat' dir='ltr'>per</span> <span class='ocrx_word' id='word_1_124' title='bbox 674 1068 804 1105; x_wconf 86' lang='lat' dir='ltr'>inania</span> <span class='ocrx_word' id='word_1_125' title='bbox 821 1068 953 1105; x_wconf 89' lang='lat' dir='ltr'>nubila</span> <span class='ocrx_word' id='word_1_126' title='bbox 970 1068 1123 1105; x_wconf 86' lang='lat' dir='ltr'>librant.</span> 
     </span>
     <span class='ocr_line' id='line_1_20' title="bbox 211 1119 1163 1171; baseline 0.002 -14"><span class='ocrx_word' id='word_1_127' title='bbox 211 1119 330 1157; x_wconf 88' lang='lat' dir='ltr'>Illum</span> <span class='ocrx_word' id='word_1_128' title='bbox 349 1121 441 1158; x_wconf 88' lang='lat' dir='ltr'>adeo</span> <span class='ocrx_word' id='word_1_129' title='bbox 459 1121 642 1171; x_wconf 79' lang='lat' dir='ltr'>placuisse</span> <span class='ocrx_word' id='word_1_130' title='bbox 658 1121 790 1171; x_wconf 88' lang='lat' dir='ltr'>apibus</span> <span class='ocrx_word' id='word_1_131' title='bbox 809 1121 993 1159; x_wconf 88' lang='lat' dir='ltr'>mirabere</span> <span class='ocrx_word' id='word_1_132' title='bbox 1007 1134 1163 1167; x_wconf 82' lang='lat' dir='ltr'>morem,</span> 
     </span>
     <span class='ocr_line' id='line_1_21' title="bbox 210 1173 1283 1225; baseline -0.001 -14"><span class='ocrx_word' id='word_1_133' title='bbox 210 1173 323 1220; x_wconf 77' lang='lat' dir='ltr'>Quod</span> <span class='ocrx_word' id='word_1_134' title='bbox 341 1188 410 1212; x_wconf 88' lang='lat' dir='ltr'>nec</span> <span class='ocrx_word' id='word_1_135' title='bbox 430 1174 637 1212; x_wconf 90' lang='lat' dir='ltr'>concubitu</span> <span class='ocrx_word' id='word_1_136' title='bbox 655 1174 869 1224; x_wconf 87' lang='lat' dir='ltr'>indulgent,</span> <span class='ocrx_word' id='word_1_137' title='bbox 889 1188 958 1212; x_wconf 89' lang='lat' dir='ltr'>nec</span> <span class='ocrx_word' id='word_1_138' title='bbox 977 1188 1132 1224; x_wconf 88' lang='lat' dir='ltr'>corpora</span> <span class='ocrx_word' id='word_1_139' title='bbox 1151 1187 1283 1225; x_wconf 83' lang='lat' dir='ltr'>segnes</span> 
     </span>
     <span class='ocr_line' id='line_1_22' title="bbox 209 1226 1176 1273; baseline 0.002 -10"><span class='ocrx_word' id='word_1_140' title='bbox 209 1226 260 1264; x_wconf 88' lang='lat' dir='ltr'>In</span> <span class='ocrx_word' id='word_1_141' title='bbox 279 1227 465 1265; x_wconf 85' lang='lat' dir='ltr'>Venerem</span> <span class='ocrx_word' id='word_1_142' title='bbox 486 1227 639 1264; x_wconf 83' lang='lat' dir='ltr'>solvunt</span> <span class='ocrx_word' id='word_1_143' title='bbox 659 1230 726 1265; x_wconf 88' lang='lat' dir='ltr'>aut</span> <span class='ocrx_word' id='word_1_144' title='bbox 745 1228 845 1265; x_wconf 88' lang='lat' dir='ltr'>fetus</span> <span class='ocrx_word' id='word_1_145' title='bbox 864 1228 1015 1265; x_wconf 72' lang='lat' dir='ltr'>nixibus</span> <span class='ocrx_word' id='word_1_146' title='bbox 1035 1228 1176 1273; x_wconf 82' lang='lat' dir='ltr'>edunt3</span> 
     </span>
     <span class='ocr_line' id='line_1_23' title="bbox 208 1279 1152 1331; baseline 0.001 -14"><span class='ocrx_word' id='word_1_147' title='bbox 208 1279 355 1318; x_wconf 89' lang='lat' dir='ltr'>Verum</span> <span class='ocrx_word' id='word_1_148' title='bbox 372 1281 464 1331; x_wconf 86' lang='lat' dir='ltr'>ipsae</span> <span class='ocrx_word' id='word_1_149' title='bbox 483 1293 503 1318; x_wconf 91' lang='lat' dir='ltr'>e</span> <span class='ocrx_word' id='word_1_150' title='bbox 521 1280 622 1318; x_wconf 84' lang='lat' dir='ltr'>foliis</span> <span class='ocrx_word' id='word_1_151' title='bbox 640 1283 750 1318; x_wconf 84' lang='lat' dir='ltr'>natos</span> <span class='ocrx_word' id='word_1_152' title='bbox 770 1283 809 1318; x_wconf 87' lang='lat' dir='ltr'>et</span> <span class='ocrx_word' id='word_1_153' title='bbox 829 1281 1007 1318; x_wconf 86' lang='lat' dir='ltr'>suavibus</span> <span class='ocrx_word' id='word_1_154' title='bbox 1026 1281 1152 1318; x_wconf 88' lang='lat' dir='ltr'>herbis</span> 
     </span>
     <span class='ocr_line' id='line_1_24' title="bbox 210 1333 1142 1384; baseline 0.001 -14"><span class='ocrx_word' id='word_1_155' title='bbox 210 1333 284 1371; x_wconf 91' lang='lat' dir='ltr'>Ore</span> <span class='ocrx_word' id='word_1_156' title='bbox 303 1334 461 1384; x_wconf 72' lang='lat' dir='ltr'>legunt,</span> <span class='ocrx_word' id='word_1_157' title='bbox 488 1333 580 1384; x_wconf 84' lang='lat' dir='ltr'>ipsae</span> <span class='ocrx_word' id='word_1_158' title='bbox 599 1347 727 1384; x_wconf 84' lang='lat' dir='ltr'>regem</span> <span class='ocrx_word' id='word_1_159' title='bbox 746 1347 956 1384; x_wconf 84' lang='lat' dir='ltr'>parvosque</span> <span class='ocrx_word' id='word_1_160' title='bbox 976 1334 1142 1381; x_wconf 80' lang='lat' dir='ltr'>Quirites</span> 
     </span>
     <span class='ocr_line' id='line_1_25' title="bbox 209 1386 1162 1438; baseline 0.001 -15"><span class='ocrx_word' id='word_1_161' title='bbox 209 1386 423 1433; x_wconf 87' lang='lat' dir='ltr'>Sufficiunt,</span> <span class='ocrx_word' id='word_1_162' title='bbox 443 1387 622 1436; x_wconf 89' lang='lat' dir='ltr'>aulasque</span> <span class='ocrx_word' id='word_1_163' title='bbox 641 1390 680 1425; x_wconf 89' lang='lat' dir='ltr'>et</span> <span class='ocrx_word' id='word_1_164' title='bbox 700 1401 805 1425; x_wconf 87' lang='lat' dir='ltr'>cerea</span> <span class='ocrx_word' id='word_1_165' title='bbox 821 1400 939 1438; x_wconf 85' lang='lat' dir='ltr'>regna</span> <span class='ocrx_word' id='word_1_166' title='bbox 956 1388 1162 1438; x_wconf 86' lang='lat' dir='ltr'>refingunt.</span> 
     </span>
     <span class='ocr_line' id='line_1_26' title="bbox 210 1439 1075 1490; baseline 0.001 -13"><span class='ocrx_word' id='word_1_167' title='bbox 210 1439 318 1490; x_wconf 81' lang='lat' dir='ltr'>Saepe</span> <span class='ocrx_word' id='word_1_168' title='bbox 337 1441 453 1478; x_wconf 83' lang='lat' dir='ltr'>etiam</span> <span class='ocrx_word' id='word_1_169' title='bbox 473 1440 576 1477; x_wconf 88' lang='lat' dir='ltr'>duris</span> <span class='ocrx_word' id='word_1_170' title='bbox 595 1441 753 1478; x_wconf 85' lang='lat' dir='ltr'>errando</span> <span class='ocrx_word' id='word_1_171' title='bbox 771 1440 812 1478; x_wconf 86' lang='lat' dir='ltr'>in</span> <span class='ocrx_word' id='word_1_172' title='bbox 830 1441 979 1478; x_wconf 87' lang='lat' dir='ltr'>cotibus</span> <span class='ocrx_word' id='word_1_173' title='bbox 999 1441 1075 1478; x_wconf 89' lang='lat' dir='ltr'>alas</span> 
     </span>
     <span class='ocr_line' id='line_1_27' title="bbox 208 1493 1178 1544; baseline 0.001 -14"><span class='ocrx_word' id='word_1_174' title='bbox 208 1494 416 1541; x_wconf 87' lang='lat' dir='ltr'>Attrivere,</span> <span class='ocrx_word' id='word_1_175' title='bbox 435 1493 613 1544; x_wconf 86' lang='lat' dir='ltr'>ultroque</span> <span class='ocrx_word' id='word_1_176' title='bbox 632 1494 798 1531; x_wconf 87' lang='lat' dir='ltr'>animam</span> <span class='ocrx_word' id='word_1_177' title='bbox 817 1495 887 1531; x_wconf 90' lang='lat' dir='ltr'>sub</span> <span class='ocrx_word' id='word_1_178' title='bbox 906 1494 1004 1532; x_wconf 87' lang='lat' dir='ltr'>fasce</span> <span class='ocrx_word' id='word_1_179' title='bbox 1023 1494 1178 1538; x_wconf 82' lang='lat' dir='ltr'>dedere;</span> 
     </span>
     <span class='ocr_line' id='line_1_28' title="bbox 208 1546 1205 1598; baseline -0.001 -14"><span class='ocrx_word' id='word_1_180' title='bbox 208 1546 357 1584; x_wconf 85' lang='lat' dir='ltr'>Tantus</span> <span class='ocrx_word' id='word_1_181' title='bbox 376 1561 482 1584; x_wconf 90' lang='lat' dir='ltr'>amor</span> <span class='ocrx_word' id='word_1_182' title='bbox 499 1547 637 1584; x_wconf 88' lang='lat' dir='ltr'>florum</span> <span class='ocrx_word' id='word_1_183' title='bbox 655 1550 694 1585; x_wconf 90' lang='lat' dir='ltr'>et</span> <span class='ocrx_word' id='word_1_184' title='bbox 712 1547 916 1598; x_wconf 85' lang='lat' dir='ltr'>generandi</span> <span class='ocrx_word' id='word_1_185' title='bbox 934 1547 1054 1598; x_wconf 87' lang='lat' dir='ltr'>gloria</span> <span class='ocrx_word' id='word_1_186' title='bbox 1071 1547 1205 1585; x_wconf 88' lang='lat' dir='ltr'>mellis.</span> 
     </span>
     <span class='ocr_line' id='line_1_29' title="bbox 208 1600 1095 1651; baseline -0.001 -13"><span class='ocrx_word' id='word_1_187' title='bbox 208 1601 315 1651; x_wconf 84' lang='lat' dir='ltr'>Ergo</span> <span class='ocrx_word' id='word_1_188' title='bbox 333 1601 433 1651; x_wconf 85' lang='lat' dir='ltr'>ipsas</span> <span class='ocrx_word' id='word_1_189' title='bbox 453 1600 624 1650; x_wconf 88' lang='lat' dir='ltr'>quamvis</span> <span class='ocrx_word' id='word_1_190' title='bbox 644 1601 799 1651; x_wconf 87' lang='lat' dir='ltr'>angusti</span> <span class='ocrx_word' id='word_1_191' title='bbox 817 1601 1003 1638; x_wconf 83' lang='lat' dir='ltr'>terminus</span> <span class='ocrx_word' id='word_1_192' title='bbox 1023 1601 1095 1637; x_wconf 82' lang='lat' dir='ltr'>aevi</span> 
     </span>
     <span class='ocr_line' id='line_1_30' title="bbox 209 1653 1288 1704; baseline 0 -14"><span class='ocrx_word' id='word_1_193' title='bbox 209 1654 398 1704; x_wconf 81' lang='lat' dir='ltr'>Excipiat,</span> <span class='ocrx_word' id='word_1_194' title='bbox 423 1654 562 1703; x_wconf 88' lang='lat' dir='ltr'>(neque</span> <span class='ocrx_word' id='word_1_195' title='bbox 581 1653 683 1691; x_wconf 87' lang='lat' dir='ltr'>enim</span> <span class='ocrx_word' id='word_1_196' title='bbox 701 1654 786 1704; x_wconf 87' lang='lat' dir='ltr'>plus</span> <span class='ocrx_word' id='word_1_197' title='bbox 805 1654 968 1704; x_wconf 86' lang='lat' dir='ltr'>septima</span> <span class='ocrx_word' id='word_1_198' title='bbox 987 1654 1139 1691; x_wconf 85' lang='lat' dir='ltr'>ducitur</span> <span class='ocrx_word' id='word_1_199' title='bbox 1158 1653 1288 1703; x_wconf 87' lang='lat' dir='ltr'>aestas)</span> 
     </span>
     <span class='ocr_line' id='line_1_31' title="bbox 208 1707 1254 1758; baseline -0.001 -14"><span class='ocrx_word' id='word_1_200' title='bbox 208 1708 264 1744; x_wconf 88' lang='lat' dir='ltr'>At</span> <span class='ocrx_word' id='word_1_201' title='bbox 283 1721 403 1758; x_wconf 85' lang='lat' dir='ltr'>genus</span> <span class='ocrx_word' id='word_1_202' title='bbox 422 1707 638 1745; x_wconf 86' lang='lat' dir='ltr'>immortale</span> <span class='ocrx_word' id='word_1_203' title='bbox 657 1710 798 1754; x_wconf 86' lang='lat' dir='ltr'>manet,</span> <span class='ocrx_word' id='word_1_204' title='bbox 817 1707 1033 1756; x_wconf 85' lang='lat' dir='ltr'>multosque</span> <span class='ocrx_word' id='word_1_205' title='bbox 1052 1721 1119 1758; x_wconf 91' lang='lat' dir='ltr'>per</span> <span class='ocrx_word' id='word_1_206' title='bbox 1137 1721 1254 1744; x_wconf 83' lang='lat' dir='ltr'>annos</span> 
     </span>
     <span class='ocr_line' id='line_1_32' title="bbox 210 1761 1226 1807; baseline 0 -10"><span class='ocrx_word' id='word_1_207' title='bbox 210 1761 297 1798; x_wconf 83' lang='lat' dir='ltr'>Stat</span> <span class='ocrx_word' id='word_1_208' title='bbox 316 1761 470 1798; x_wconf 86' lang='lat' dir='ltr'>fortuna</span> <span class='ocrx_word' id='word_1_209' title='bbox 488 1761 634 1807; x_wconf 87' lang='lat' dir='ltr'>domus,</span> <span class='ocrx_word' id='word_1_210' title='bbox 653 1764 693 1798; x_wconf 91' lang='lat' dir='ltr'>et</span> <span class='ocrx_word' id='word_1_211' title='bbox 713 1761 772 1798; x_wconf 87' lang='lat' dir='ltr'>avi</span> <span class='ocrx_word' id='word_1_212' title='bbox 791 1763 1040 1798; x_wconf 85' lang='lat' dir='ltr'>numerantur</span> <span class='ocrx_word' id='word_1_213' title='bbox 1059 1774 1226 1798; x_wconf 87' lang='lat' dir='ltr'>avorum.</span> 
     </span>
     <span class='ocr_line' id='line_1_33' title="bbox 210 1814 1140 1865; baseline 0 -14"><span class='ocrx_word' id='word_1_214' title='bbox 210 1814 403 1852; x_wconf 88' lang='lat' dir='ltr'>Praeterea</span> <span class='ocrx_word' id='word_1_215' title='bbox 421 1827 550 1864; x_wconf 86' lang='lat' dir='ltr'>regem</span> <span class='ocrx_word' id='word_1_216' title='bbox 568 1828 646 1851; x_wconf 91' lang='lat' dir='ltr'>non</span> <span class='ocrx_word' id='word_1_217' title='bbox 665 1814 717 1852; x_wconf 89' lang='lat' dir='ltr'>sic</span> <span class='ocrx_word' id='word_1_218' title='bbox 737 1814 929 1865; x_wconf 78' lang='lat' dir='ltr'>AEgyptos</span> <span class='ocrx_word' id='word_1_219' title='bbox 948 1817 987 1852; x_wconf 92' lang='lat' dir='ltr'>et</span> <span class='ocrx_word' id='word_1_220' title='bbox 1006 1814 1140 1865; x_wconf 84' lang='lat' dir='ltr'>ingens</span> 
     </span>
     <span class='ocr_line' id='line_1_34' title="bbox 209 1867 1301 1918; baseline 0 -15"><span class='ocrx_word' id='word_1_221' title='bbox 209 1867 344 1917; x_wconf 80' lang='lat' dir='ltr'>Lydia,</span> <span class='ocrx_word' id='word_1_222' title='bbox 363 1882 432 1905; x_wconf 89' lang='lat' dir='ltr'>nec</span> <span class='ocrx_word' id='word_1_223' title='bbox 451 1867 580 1918; x_wconf 88' lang='lat' dir='ltr'>populi</span> <span class='ocrx_word' id='word_1_224' title='bbox 599 1868 832 1905; x_wconf 83' lang='lat' dir='ltr'>Parthorum</span> <span class='ocrx_word' id='word_1_225' title='bbox 851 1870 918 1905; x_wconf 84' lang='lat' dir='ltr'>aut</span> <span class='ocrx_word' id='word_1_226' title='bbox 938 1868 1077 1905; x_wconf 87' lang='lat' dir='ltr'>Medus</span> <span class='ocrx_word' id='word_1_227' title='bbox 1098 1867 1301 1917; x_wconf 80' lang='lat' dir='ltr'>Hydaspes</span> 
     </span>
     <span class='ocr_line' id='line_1_35' title="bbox 210 1920 1308 1971; baseline -0.001 -14"><span class='ocrx_word' id='word_1_228' title='bbox 210 1920 436 1958; x_wconf 86' lang='lat' dir='ltr'>Observant.</span> <span class='ocrx_word' id='word_1_229' title='bbox 492 1921 599 1971; x_wconf 84' lang='lat' dir='ltr'>Rege</span> <span class='ocrx_word' id='word_1_230' title='bbox 617 1921 798 1959; x_wconf 87' lang='lat' dir='ltr'>incolumi</span> <span class='ocrx_word' id='word_1_231' title='bbox 816 1935 922 1958; x_wconf 90' lang='lat' dir='ltr'>mens</span> <span class='ocrx_word' id='word_1_232' title='bbox 941 1921 1116 1959; x_wconf 79' lang='lat' dir='ltr'>omnibus</span> <span class='ocrx_word' id='word_1_233' title='bbox 1134 1934 1210 1957; x_wconf 90' lang='lat' dir='ltr'>una</span> <span class='ocrx_word' id='word_1_234' title='bbox 1228 1922 1308 1966; x_wconf 89' lang='lat' dir='ltr'>est;</span> 
     </span>
     <span class='ocr_line' id='line_1_36' title="bbox 208 1974 1105 2024; baseline 0.001 -14"><span class='ocrx_word' id='word_1_235' title='bbox 208 1974 374 2020; x_wconf 84' lang='lat' dir='ltr'>Amisso,</span> <span class='ocrx_word' id='word_1_236' title='bbox 393 1987 526 2024; x_wconf 86' lang='lat' dir='ltr'>rupere</span> <span class='ocrx_word' id='word_1_237' title='bbox 546 1974 660 2012; x_wconf 89' lang='lat' dir='ltr'>fidem</span> <span class='ocrx_word' id='word_1_238' title='bbox 679 1976 972 2023; x_wconf 85' lang='lat' dir='ltr'>constructaque</span> <span class='ocrx_word' id='word_1_239' title='bbox 991 1974 1105 2012; x_wconf 87' lang='lat' dir='ltr'>mella</span> 
     </span>
     <span class='ocr_line' id='line_1_37' title="bbox 209 2025 1096 2077; baseline 0.001 -14"><span class='ocrx_word' id='word_1_240' title='bbox 209 2025 411 2077; x_wconf 85' lang='lat' dir='ltr'>Diripuere</span> <span class='ocrx_word' id='word_1_241' title='bbox 429 2027 532 2077; x_wconf 88' lang='lat' dir='ltr'>ipsae,</span> <span class='ocrx_word' id='word_1_242' title='bbox 552 2029 591 2064; x_wconf 89' lang='lat' dir='ltr'>et</span> <span class='ocrx_word' id='word_1_243' title='bbox 611 2030 732 2065; x_wconf 84' lang='lat' dir='ltr'>crates</span> <span class='ocrx_word' id='word_1_244' title='bbox 752 2027 894 2065; x_wconf 88' lang='lat' dir='ltr'>solvere</span> <span class='ocrx_word' id='word_1_245' title='bbox 912 2028 1096 2064; x_wconf 84' lang='lat' dir='ltr'>favorum.</span> 
     </span>
     <span class='ocr_line' id='line_1_38' title="bbox 209 2079 1236 2130; baseline 0.001 -14"><span class='ocrx_word' id='word_1_246' title='bbox 209 2079 281 2117; x_wconf 89' lang='lat' dir='ltr'>Ille</span> <span class='ocrx_word' id='word_1_247' title='bbox 301 2094 458 2130; x_wconf 85' lang='lat' dir='ltr'>operum</span> <span class='ocrx_word' id='word_1_248' title='bbox 477 2083 626 2126; x_wconf 81' lang='lat' dir='ltr'>custos3</span> <span class='ocrx_word' id='word_1_249' title='bbox 654 2080 763 2117; x_wconf 84' lang='lat' dir='ltr'>illum</span> <span class='ocrx_word' id='word_1_250' title='bbox 782 2080 1029 2126; x_wconf 81' lang='lat' dir='ltr'>admirantur,</span> <span class='ocrx_word' id='word_1_251' title='bbox 1049 2082 1088 2117; x_wconf 92' lang='lat' dir='ltr'>et</span> <span class='ocrx_word' id='word_1_252' title='bbox 1107 2093 1236 2117; x_wconf 90' lang='lat' dir='ltr'>omnes</span> 
     </span>
     <span class='ocr_line' id='line_1_39' title="bbox 210 2132 1285 2183; baseline 0.002 -14"><span class='ocrx_word' id='word_1_253' title='bbox 210 2132 471 2170; x_wconf 83' lang='lat' dir='ltr'>Circumstant</span> <span class='ocrx_word' id='word_1_254' title='bbox 490 2133 645 2170; x_wconf 81' lang='lat' dir='ltr'>fremitu</span> <span class='ocrx_word' id='word_1_255' title='bbox 663 2134 790 2180; x_wconf 89' lang='lat' dir='ltr'>denso,</span> <span class='ocrx_word' id='word_1_256' title='bbox 811 2133 1029 2183; x_wconf 83' lang='lat' dir='ltr'>stipantque</span> <span class='ocrx_word' id='word_1_257' title='bbox 1048 2133 1262 2182; x_wconf 83' lang='lat' dir='ltr'>frequentes</span> <span class='ocrx_word' id='word_1_258' title='bbox 1278 2150 1285 2178; x_wconf 76' lang='grc' dir='ltr'><strong>ς</strong></span> 
     </span>
     <span class='ocr_line' id='line_1_40' title="bbox 209 2186 1138 2237; baseline 0.001 -15"><span class='ocrx_word' id='word_1_259' title='bbox 209 2186 265 2223; x_wconf 85' lang='lat' dir='ltr'>Et</span> <span class='ocrx_word' id='word_1_260' title='bbox 285 2199 384 2236; x_wconf 85' lang='lat' dir='ltr'>saepe</span> <span class='ocrx_word' id='word_1_261' title='bbox 404 2186 589 2224; x_wconf 78' lang='lat' dir='ltr'>attollunt</span> <span class='ocrx_word' id='word_1_262' title='bbox 608 2186 786 2233; x_wconf 87' lang='lat' dir='ltr'>humeris,</span> <span class='ocrx_word' id='word_1_263' title='bbox 809 2189 848 2224; x_wconf 78' lang='lat' dir='ltr'>et</span> <span class='ocrx_word' id='word_1_264' title='bbox 867 2200 1023 2237; x_wconf 91' lang='lat' dir='ltr'>corpora</span> <span class='ocrx_word' id='word_1_265' title='bbox 1039 2186 1138 2224; x_wconf 90' lang='lat' dir='ltr'>bello</span> 
     </span>
     <span class='ocr_line' id='line_1_41' title="bbox 208 2239 1319 2290; baseline 0.002 -14"><span class='ocrx_word' id='word_1_266' title='bbox 208 2239 424 2289; x_wconf 78' lang='lat' dir='ltr'>objectant,</span> <span class='ocrx_word' id='word_1_267' title='bbox 443 2239 713 2290; x_wconf 89' lang='lat' dir='ltr'>pulchramque</span> <span class='ocrx_word' id='word_1_268' title='bbox 730 2242 869 2290; x_wconf 79' lang='lat' dir='ltr'>petunt</span> <span class='ocrx_word' id='word_1_269' title='bbox 887 2253 953 2290; x_wconf 89' lang='lat' dir='ltr'>per</span> <span class='ocrx_word' id='word_1_270' title='bbox 971 2239 1127 2277; x_wconf 78' lang='lat' dir='ltr'>vulnera</span> <span class='ocrx_word' id='word_1_271' title='bbox 1145 2243 1319 2278; x_wconf 82' lang='lat' dir='ltr'>mortem.</span> 
     </span>
     <span class='ocr_line' id='line_1_42' title="bbox 262 2293 1219 2343; baseline 0.001 -14"><span class='ocrx_word' id='word_1_272' title='bbox 262 2293 337 2329; x_wconf 91' lang='lat' dir='ltr'>His</span> <span class='ocrx_word' id='word_1_273' title='bbox 357 2293 511 2342; x_wconf 87' lang='lat' dir='ltr'>quidam</span> <span class='ocrx_word' id='word_1_274' title='bbox 530 2293 647 2343; x_wconf 86' lang='lat' dir='ltr'>signis</span> <span class='ocrx_word' id='word_1_275' title='bbox 667 2296 780 2342; x_wconf 88' lang='lat' dir='ltr'>atque</span> <span class='ocrx_word' id='word_1_276' title='bbox 799 2293 880 2330; x_wconf 86' lang='lat' dir='ltr'>haec</span> <span class='ocrx_word' id='word_1_277' title='bbox 899 2293 1069 2343; x_wconf 79' lang='lat' dir='ltr'>exempla</span> <span class='ocrx_word' id='word_1_278' title='bbox 1087 2293 1219 2341; x_wconf 87' lang='lat' dir='ltr'>secuti,</span> 
     </span>
     <span class='ocr_line' id='line_1_43' title="bbox 208 2346 1176 2396; baseline 0.002 -14"><span class='ocrx_word' id='word_1_279' title='bbox 208 2346 303 2383; x_wconf 85' lang='lat' dir='ltr'>Esse</span> <span class='ocrx_word' id='word_1_280' title='bbox 323 2347 455 2396; x_wconf 85' lang='lat' dir='ltr'>apibus</span> <span class='ocrx_word' id='word_1_281' title='bbox 474 2348 622 2396; x_wconf 81' lang='lat' dir='ltr'>partem</span> <span class='ocrx_word' id='word_1_282' title='bbox 642 2346 780 2383; x_wconf 84' lang='lat' dir='ltr'>divinae</span> <span class='ocrx_word' id='word_1_283' title='bbox 798 2346 937 2383; x_wconf 85' lang='lat' dir='ltr'>mentis</span> <span class='ocrx_word' id='word_1_284' title='bbox 957 2349 996 2383; x_wconf 91' lang='lat' dir='ltr'>et</span> <span class='ocrx_word' id='word_1_285' title='bbox 1016 2347 1176 2384; x_wconf 87' lang='lat' dir='ltr'>haustus</span> 
     </span>
     <span class='ocr_line' id='line_1_44' title="bbox 208 2399 1197 2450; baseline 0.001 -14"><span class='ocrx_word' id='word_1_286' title='bbox 208 2399 402 2437; x_wconf 86' lang='lat' dir='ltr'>AEtherios</span> <span class='ocrx_word' id='word_1_287' title='bbox 423 2399 568 2437; x_wconf 81' lang='lat' dir='ltr'>dixere:</span> <span class='ocrx_word' id='word_1_288' title='bbox 599 2400 712 2437; x_wconf 87' lang='lat' dir='ltr'>deum</span> <span class='ocrx_word' id='word_1_289' title='bbox 730 2412 892 2449; x_wconf 87' lang='lat' dir='ltr'>namque</span> <span class='ocrx_word' id='word_1_290' title='bbox 911 2400 964 2437; x_wconf 88' lang='lat' dir='ltr'>ire</span> <span class='ocrx_word' id='word_1_291' title='bbox 982 2413 1049 2450; x_wconf 86' lang='lat' dir='ltr'>per</span> <span class='ocrx_word' id='word_1_292' title='bbox 1068 2414 1197 2438; x_wconf 84' lang='lat' dir='ltr'>omnes</span> 
     </span>
     <span class='ocr_line' id='line_1_45' title="bbox 208 2452 1287 2503; baseline 0.001 -14"><span class='ocrx_word' id='word_1_293' title='bbox 208 2452 417 2502; x_wconf 85' lang='lat' dir='ltr'>Terrasque</span> <span class='ocrx_word' id='word_1_294' title='bbox 434 2454 655 2503; x_wconf 87' lang='lat' dir='ltr'>tractusque</span> <span class='ocrx_word' id='word_1_295' title='bbox 674 2453 787 2490; x_wconf 86' lang='lat' dir='ltr'>maris</span> <span class='ocrx_word' id='word_1_296' title='bbox 807 2453 1017 2502; x_wconf 73' lang='lat' dir='ltr'>coelumque</span> <span class='ocrx_word' id='word_1_297' title='bbox 1036 2454 1287 2503; x_wconf 87' lang='lat' dir='ltr'>profundum;</span> 
     </span>
     <span class='ocr_line' id='line_1_46' title="bbox 208 2505 1302 2557; baseline 0.002 -14"><span class='ocrx_word' id='word_1_298' title='bbox 208 2505 314 2543; x_wconf 86' lang='lat' dir='ltr'>Hinc</span> <span class='ocrx_word' id='word_1_299' title='bbox 332 2506 504 2556; x_wconf 85' lang='lat' dir='ltr'>pecudes,</span> <span class='ocrx_word' id='word_1_300' title='bbox 524 2508 706 2553; x_wconf 85' lang='lat' dir='ltr'>armenta,</span> <span class='ocrx_word' id='word_1_301' title='bbox 726 2506 839 2553; x_wconf 80' lang='lat' dir='ltr'>viros,</span> <span class='ocrx_word' id='word_1_302' title='bbox 859 2520 978 2557; x_wconf 87' lang='lat' dir='ltr'>genus</span> <span class='ocrx_word' id='word_1_303' title='bbox 998 2520 1109 2545; x_wconf 87' lang='lat' dir='ltr'>omne</span> <span class='ocrx_word' id='word_1_304' title='bbox 1127 2507 1302 2553; x_wconf 76' lang='lat' dir='ltr'>serarum,</span> 
     </span>
     <span class='ocr_line' id='line_1_47' title="bbox 208 2560 1222 2610; baseline 0.002 -14"><span class='ocrx_word' id='word_1_305' title='bbox 208 2560 404 2610; x_wconf 81' lang='lat' dir='ltr'>Quemque</span> <span class='ocrx_word' id='word_1_306' title='bbox 423 2560 495 2598; x_wconf 87' lang='lat' dir='ltr'>sibi</span> <span class='ocrx_word' id='word_1_307' title='bbox 512 2562 646 2598; x_wconf 86' lang='lat' dir='ltr'>tenues</span> <span class='ocrx_word' id='word_1_308' title='bbox 665 2562 883 2598; x_wconf 87' lang='lat' dir='ltr'>nascentem</span> <span class='ocrx_word' id='word_1_309' title='bbox 901 2573 1083 2598; x_wconf 76' lang='lat' dir='ltr'>arcessere</span> <span class='ocrx_word' id='word_1_310' title='bbox 1102 2560 1222 2607; x_wconf 82' lang='lat' dir='ltr'>vitas;</span> 
     </span>
    </p>
   </div>
   <div class='ocr_carea' id='block_1_3' title="bbox 1664 0 1705 2081">
    <p class='ocr_par' dir='ltr' id='par_1_3' title="bbox 1664 0 1705 2081">
     <span class='ocr_line' id='line_1_48' title="bbox 1664 0 1705 2081; baseline 0 0"><span class='ocrx_word' id='word_1_311' title='bbox 1664 0 1705 2081; x_wconf 95' lang='lat' dir='ltr'> </span> 
     </span>
    </p>
   </div>
  </div>
 </body>
</html>
