1674 2775
648 110 839 139 AENEIDOS
858 111 942 138 LI'B.
962 111 1038 138 XII.

210 204 414 243 Concurrit
431 204 554 257 legio;
582 219 650 245 nec
670 208 779 245 scuta
796 208 863 244 aut
881 206 1025 258 spicula.
1042 207 1149 245 densi

215 259 435 309 Deponunt.
492 259 601 298 Celso
620 261 767 298 medius
787 264 893 298 stans
912 274 1050 311 aggere
1069 262 1192 300 fatur:

211 316 233 332 “
247 313 309 351 Ne
329 327 403 364 qua
421 313 514 351 meis
534 316 616 351 esto
636 314 748 352 dictis
767 328 884 352 mora.
941 315 1098 365 Jupiter
1116 315 1189 354 hac
1209 317 1300 353 stat.

211 366 303 404 Neu
322 367 405 416 quis
426 367 474 405 ob
493 367 690 418 inceptum
710 368 882 406 subitum
900 368 997 405 mihi
1017 369 1169 419 segnior
1188 369 1256 407 ito.

213 419 360 458 Urbem
380 420 504 468 hodie,
524 435 676 459 causam
695 422 795 468 belli,
815 435 932 473 regna
950 422 1032 472 ipsa
1050 422 1194 470 Latini,

212 473 253 511 N
256 473 270 511 i
287 474 435 511 frenum
457 475 623 526 accipere
642 478 682 513 et
700 475 795 514 victi
814 489 943 526 parere
962 476 1144 523 fatentur,

212 527 371 574 Eruam‚
391 530 430 565 et
450 542 556 579 aequa
575 529 654 567 solo
674 529 864 567 fumantia
882 529 1048 567 culmina
1065 543 1216 580 ponam.

213 580 366 619 Scilicet
386 585 611 633 exspectem,
630 583 746 621 libeat
766 583 859 620 dum
877 583 1009 634 proelia
1029 583 1159 621 Turno

213 635 361 673 Nostra
378 636 472 686 pati,
491 650 696 687 rursusque
715 637 809 674 velit
829 650 1050 675 concurrere
1070 636 1227 675 victus?

213 688 302 727 Hoc
322 692 449 740 caput,
469 704 491 728 o
511 690 621 737 cives,
641 691 720 728 haec
739 691 828 728 belli
847 704 996 728 summa
1013 691 1177 729 nefandi.

213 742 330 780 Ferte
350 743 448 781 faces
466 757 634 794 propere,
653 744 849 794 foedusque
867 744 1052 795 reposcite
1070 744 1273 782 flammis.”

213 795 386 843 Dixerat,
406 799 520 847 atque
539 797 674 835 animis
693 798 835 848 pariter
854 798 1088 836 certantibus
1108 812 1238 836 omnes

213 849 322 888 Dant
342 864 516 898 cuneum,
536 851 725 901 densaque
745 852 792 889 ad
810 865 939 889 muros
958 852 1057 890 mole
1075 852 1261 890 feruntur.

214 904 331 942 Scalae
352 904 569 955 improviso,
589 905 810 956 subit-usque
830 905 1005 956 apparuit
1023 905 1136 956 ignis.

213 957 448 996 Discurrunt
467 959 531 996 alii
549 959 597 996 ad
615 963 756 1010 portas,
776 959 993 1010 primosque
1011 959 1207 997 trucidant
1222 976 1229 1004 3

214 1011 377 1049 Ferrum
396 1012 460 1050 alii
478 1015 672 1063 torquent,
692 1016 731 1051 et
751 1013 983 1051 obumbrant
1002 1013 1145 1051 aethera
1162 1014 1260 1051 telis.

214 1064 304 1115 Ipse
323 1066 424 1104 inter
442 1066 584 1117 primos
604 1067 777 1104 dextram
797 1067 866 1105 sub
885 1067 1026 1104 moenia
1044 1067 1171 1105 tendit

215 1119 367 1166 AEneas,
387 1133 600 1171 magnaque
618 1120 768 1158 incusat
788 1134 880 1158 voce
900 1120 1085 1158 Latinum
1101 1137 1108 1167 ;

215 1173 472 1224 Testaturque
491 1174 592 1221 deos,
612 1174 752 1212 iterum
773 1188 812 1212 se
831 1175 879 1212 ad
898 1174 1030 1225 proelia
1049 1174 1157 1225 cogi3

215 1226 284 1264 Bis
297 1227 379 1278 jam
399 1227 520 1265 Italos
539 1228 691 1275 hostes3
719 1228 803 1266 haec
823 1229 942 1266 altera
960 1228 1101 1266 foedera
1119 1227 1256 1279 rumpi.

214 1280 399 1318 Exoritur
416 1281 585 1332 trepidos
604 1281 705 1320 inter
724 1282 910 1320 discordia
929 1283 1048 1320 cives:

214 1334 361 1372 Urbem
381 1335 444 1372 alii
462 1349 625 1373 reserare
638 1336 790 1387 jubent,
810 1338 849 1374 et
867 1336 1030 1387 pandere
1050 1338 1179 1386 portas

215 1388 457 1436 Dardanidis,
477 1389 677 1440 ipsumque
696 1390 858 1428 trahunt
878 1390 917 1427 in
936 1390 1078 1428 moenia
1096 1403 1223 1440 regem
1241 1406 1248 1435 ;

214 1444 336 1480 Arma
354 1443 483 1481 ferunt
503 1443 577 1490 alii,
598 1447 637 1481 et
656 1447 823 1495 pergunt
843 1444 1040 1482 defendere
1059 1457 1209 1481 muros:

214 1496 388 1534 Inclusas
408 1499 453 1534 ut
472 1511 590 1547 quum
609 1497 798 1536 latebroso
817 1498 856 1535 in
876 1498 1025 1548 pumice
1042 1500 1172 1548 pastor

215 1549 435 1601 Vestigavit
455 1564 554 1601 apes,
573 1551 754 1602 fumoque
772 1551 946 1602 implevit
966 1565 1116 1598 amaro3

216 1603 299 1641 IHae
318 1604 423 1642 intus
443 1605 600 1655 trepidae
619 1619 745 1643 rerum
764 1619 832 1656 per
851 1619 955 1643 cerea
974 1608 1098 1643 castra

215 1657 459 1705 Discurrunt,
479 1659 703 1710 magnisque
722 1661 865 1697 acuunt
884 1659 1109 1697 stridoribus
1128 1659 1223 1696 iras:

215 1711 397 1749 Volvitur
415 1715 497 1750 ater
516 1713 609 1750 odor
627 1713 741 1751 tectis
757 1730 764 1760 ;
791 1716 877 1750 tum
897 1727 1091 1750 murmure
1110 1726 1206 1750 caeco

217 1765 333 1803 Intus
353 1780 442 1803 saxa
460 1769 620 1813 sonant3
648 1780 785 1804 vacuas
804 1767 836 1804 it
856 1767 983 1804 fumus
1004 1767 1051 1804 ad
1070 1780 1190 1804 auras.

269 1819 423 1857 Accidit
442 1820 526 1858 haec
546 1820 652 1858 fessis
672 1822 789 1859 etiam
807 1821 963 1859 fortuna
983 1820 1144 1866 Latinis,

221 1873 315 1920 Quae
334 1875 460 1911 totam
479 1874 587 1912 luctu
605 1875 797 1912 concussit
816 1875 989 1912 funditus
1009 1874 1153 1912 urbem.

217 1926 369 1977 Regina
386 1930 431 1965 ut
450 1928 565 1966 tectis
585 1928 801 1966 venientem
820 1928 1003 1979 prospicit
1021 1928 1185 1974 hostem,

217 1980 363 2018 Incessi
381 1995 522 2028 muros,
541 1981 649 2032 ignes
669 1982 716 2019 ad
734 1984 839 2020 tecta
857 1982 996 2028 volare,

216 2034 419 2084 Nusquam
440 2035 536 2073 acies
556 2037 689 2073 contra
708 2035 888 2082 Rutulas,
907 2036 1013 2073 nulla
1031 2035 1185 2086 agmina
1204 2034 1324 2072 Turni
1340 2051 1347 2081 3

216 2088 357 2126 Infelix
375 2102 517 2139 pugnae
529 2089 712 2140 juvenem
730 2089 770 2127 in
790 2089 995 2128 certamine
1015 2089 1135 2127 credit

217 2142 468 2180 Exstinctum
486 2159 494 2189 ;
522 2146 572 2190 et,
593 2143 721 2181 subito
740 2146 910 2181 mentem
928 2144 1085 2181 turbata
1103 2142 1242 2188 dolore⁷

218 2196 266 2234 Se
285 2209 438 2234 causam
458 2197 608 2244 clamat,
630 2197 858 2248 crimenque,
877 2199 1067 2248 caputque
1087 2196 1273 2234 malorum
1291 2213 1299 2243 ;

217 2249 422 2300 Multaque
440 2264 508 2301 per
525 2253 704 2289 maestum
723 2251 878 2289 demens
896 2252 1011 2289 effata
1029 2251 1206 2298 furorem,

217 2303 433 2354 Purpureos
452 2305 638 2343 moritura
655 2318 773 2342 manu
791 2305 971 2343 discindit
990 2305 1163 2352 amictus,

217 2356 274 2394 Et
293 2358 437 2395 nodum
454 2358 627 2396 informis
646 2359 713 2397 leti
732 2359 840 2397 trabe
858 2359 981 2397 nectit
1000 2359 1047 2397 ab
1067 2359 1156 2396 alta.

218 2410 344 2457 Quam
361 2411 506 2450 cladem
524 2412 670 2450 miserae
688 2415 893 2463 postquam
911 2425 1084 2463 accepere
1103 2411 1265 2458 Latinae,

218 2463 320 2502 Filia
337 2465 459 2515 prima
477 2479 594 2504 manu
611 2466 729 2504 flavos
748 2466 910 2504 Lavinia
928 2466 1048 2504 crines

217 2517 274 2555 Et
292 2531 417 2556 roseas
435 2519 578 2558 laniata
596 2534 724 2571 genas,
743 2522 830 2557 tum
849 2522 975 2557 cetera
993 2520 1137 2557 circum

217 2571 358 2618 Turba,
378 2572 493 2610 furit:
522 2576 701 2611 resonant
718 2574 796 2612 late
814 2574 1058 2624 plangoribus
1076 2572 1187 2610 aedes.

217 2624 325 2664 Hinc
343 2627 468 2664 totam
487 2627 617 2665 infelix
635 2627 818 2678 vulgatur
836 2627 939 2665 fama
955 2641 1022 2678 per
1039 2626 1185 2664 urbem.

1409 105 1485 142 391
