<?xml version="1.0" encoding="UTF-8"?>
<!DOCTYPE html PUBLIC "-//W3C//DTD XHTML 1.0 Transitional//EN"
    "http://www.w3.org/TR/xhtml1/DTD/xhtml1-transitional.dtd">
<html xmlns="http://www.w3.org/1999/xhtml" xml:lang="en" lang="en">
 <head>
  <title>
</title>
<meta http-equiv="Content-Type" content="text/html;charset=utf-8" />
  <meta name='ocr-system' content='tesseract 3.04.00' />
  <meta name='ocr-capabilities' content='ocr_page ocr_carea ocr_par ocr_line ocrx_word'/>
</head>
<body>
  <div class='ocr_page' id='page_1' title='image "./worksfromtextofh00virguoft_0144.png"; bbox 0 0 1705 2744; ppageno 0'>
   <div class='ocr_carea' id='block_1_1' title="bbox 245 54 1087 95">
    <p class='ocr_par' dir='ltr' id='par_1_1' title="bbox 245 54 1087 95">
     <span class='ocr_line' id='line_1_1' title="bbox 245 54 1087 95; baseline 0.005 -4"><span class='ocrx_word' id='word_1_1' title='bbox 245 54 321 91; x_wconf 89' lang='lat'>110</span> <span class='ocrx_word' id='word_1_2' title='bbox 638 66 673 93; x_wconf 80' lang='lat' dir='ltr'>P.</span> <span class='ocrx_word' id='word_1_3' title='bbox 693 66 880 94; x_wconf 72' lang='lat' dir='ltr'>vmenn</span> <span class='ocrx_word' id='word_1_4' title='bbox 899 66 1087 95; x_wconf 75' lang='lat' dir='ltr'>MAROMS</span> 
     </span>
    </p>
   </div>
   <div class='ocr_carea' id='block_1_2' title="bbox 240 159 1403 2598">
    <p class='ocr_par' dir='ltr' id='par_1_2' title="bbox 240 159 1403 2120">
     <span class='ocr_line' id='line_1_2' title="bbox 295 159 1403 213; baseline 0.006 -17"><span class='ocrx_word' id='word_1_5' title='bbox 295 159 395 197; x_wconf 87' lang='lat' dir='ltr'>Tum</span> <span class='ocrx_word' id='word_1_6' title='bbox 409 160 538 198; x_wconf 88' lang='lat' dir='ltr'>Venus</span> <span class='ocrx_word' id='word_1_7' title='bbox 552 176 559 197; x_wconf 93' lang='lat'><strong>:</strong></span> <span class='ocrx_word' id='word_1_8' title='bbox 590 163 610 179; x_wconf 89' lang='lat'>“</span> <span class='ocrx_word' id='word_1_9' title='bbox 624 160 742 198; x_wconf 87' lang='lat' dir='ltr'><strong>Haud</strong></span> <span class='ocrx_word' id='word_1_10' title='bbox 753 161 925 211; x_wconf 81' lang='lat' dir='ltr'>equidem</span> <span class='ocrx_word' id='word_1_11' title='bbox 936 162 1004 200; x_wconf 89' lang='lat' dir='ltr'>tali</span> <span class='ocrx_word' id='word_1_12' title='bbox 1015 175 1076 200; x_wconf 90' lang='lat' dir='ltr'>me</span> <span class='ocrx_word' id='word_1_13' title='bbox 1088 163 1223 213; x_wconf 84' lang='lat' dir='ltr'>dignor</span> <span class='ocrx_word' id='word_1_14' title='bbox 1241 163 1381 203; x_wconf 81' lang='lat' dir='ltr'>honore</span> <span class='ocrx_word' id='word_1_15' title='bbox 1395 181 1403 211; x_wconf 91' lang='lat'>;</span> 
     </span>
     <span class='ocr_line' id='line_1_3' title="bbox 242 213 1194 265; baseline 0.005 -16"><span class='ocrx_word' id='word_1_16' title='bbox 242 213 463 264; x_wconf 87' lang='lat' dir='ltr'>Virginibus</span> <span class='ocrx_word' id='word_1_17' title='bbox 482 213 607 264; x_wconf 83' lang='lat' dir='ltr'>Tyriis</span> <span class='ocrx_word' id='word_1_18' title='bbox 626 227 706 251; x_wconf 89' lang='lat' dir='ltr'>mos</span> <span class='ocrx_word' id='word_1_19' title='bbox 726 216 783 252; x_wconf 89' lang='lat' dir='ltr'>est</span> <span class='ocrx_word' id='word_1_20' title='bbox 801 217 949 265; x_wconf 86' lang='lat' dir='ltr'>gestare</span> <span class='ocrx_word' id='word_1_21' title='bbox 967 215 1194 265; x_wconf 74' lang='lat' dir='ltr'>pharetram,</span> 
     </span>
     <span class='ocr_line' id='line_1_4' title="bbox 243 266 1102 317; baseline 0.003 -14"><span class='ocrx_word' id='word_1_22' title='bbox 243 266 511 317; x_wconf 89' lang='lat' dir='ltr'>Purpureoque</span> <span class='ocrx_word' id='word_1_23' title='bbox 530 266 604 304; x_wconf 81' lang='lat' dir='ltr'>alte</span> <span class='ocrx_word' id='word_1_24' title='bbox 624 280 727 304; x_wconf 87' lang='lat' dir='ltr'>suras</span> <span class='ocrx_word' id='word_1_25' title='bbox 745 267 886 305; x_wconf 87' lang='lat' dir='ltr'>vincire</span> <span class='ocrx_word' id='word_1_26' title='bbox 904 269 1102 306; x_wconf 88' lang='lat' dir='ltr'>cothurno.</span> 
     </span>
     <span class='ocr_line' id='line_1_5' title="bbox 244 318 1244 371; baseline 0.004 -15"><span class='ocrx_word' id='word_1_27' title='bbox 244 318 389 357; x_wconf 86' lang='lat' dir='ltr'>Punica</span> <span class='ocrx_word' id='word_1_28' title='bbox 406 333 522 369; x_wconf 86' lang='lat' dir='ltr'>regna</span> <span class='ocrx_word' id='word_1_29' title='bbox 539 319 654 366; x_wconf 81' lang='lat' dir='ltr'>vides,</span> <span class='ocrx_word' id='word_1_30' title='bbox 675 320 809 370; x_wconf 87' lang='lat' dir='ltr'>Tyrios</span> <span class='ocrx_word' id='word_1_31' title='bbox 829 323 867 358; x_wconf 92' lang='lat' dir='ltr'>et</span> <span class='ocrx_word' id='word_1_32' title='bbox 886 321 1072 371; x_wconf 78' lang='lat' dir='ltr'>Agenoris</span> <span class='ocrx_word' id='word_1_33' title='bbox 1091 322 1244 370; x_wconf 82' lang='lat' dir='ltr'>urbem3</span> 
     </span>
     <span class='ocr_line' id='line_1_6' title="bbox 243 372 1115 423; baseline 0.003 -14"><span class='ocrx_word' id='word_1_34' title='bbox 243 372 318 409; x_wconf 87' lang='lat' dir='ltr'>Sed</span> <span class='ocrx_word' id='word_1_35' title='bbox 336 373 428 410; x_wconf 92' lang='lat' dir='ltr'>fines</span> <span class='ocrx_word' id='word_1_36' title='bbox 448 372 593 423; x_wconf 90' lang='lat' dir='ltr'>Libyci,</span> <span class='ocrx_word' id='word_1_37' title='bbox 613 385 731 421; x_wconf 88' lang='lat' dir='ltr'>genus</span> <span class='ocrx_word' id='word_1_38' title='bbox 749 373 986 411; x_wconf 68' lang='lat' dir='ltr'>intractabile</span> <span class='ocrx_word' id='word_1_39' title='bbox 1005 374 1115 412; x_wconf 87' lang='lat' dir='ltr'>bello.</span> 
     </span>
     <span class='ocr_line' id='line_1_7' title="bbox 243 425 1130 476; baseline 0.003 -14"><span class='ocrx_word' id='word_1_40' title='bbox 243 425 452 475; x_wconf 84' lang='lat' dir='ltr'>Imperium</span> <span class='ocrx_word' id='word_1_41' title='bbox 472 425 573 462; x_wconf 91' lang='lat' dir='ltr'>Dido</span> <span class='ocrx_word' id='word_1_42' title='bbox 592 425 709 475; x_wconf 81' lang='lat' dir='ltr'>Tyria</span> <span class='ocrx_word' id='word_1_43' title='bbox 726 426 825 476; x_wconf 90' lang='lat' dir='ltr'>regit</span> <span class='ocrx_word' id='word_1_44' title='bbox 843 427 934 464; x_wconf 87' lang='lat' dir='ltr'>urbe</span> <span class='ocrx_word' id='word_1_45' title='bbox 952 427 1130 476; x_wconf 88' lang='lat' dir='ltr'>profecta,</span> 
     </span>
     <span class='ocr_line' id='line_1_8' title="bbox 242 478 1223 531; baseline 0.004 -16"><span class='ocrx_word' id='word_1_46' title='bbox 242 478 474 516; x_wconf 73' lang='lat' dir='ltr'>Germanum</span> <span class='ocrx_word' id='word_1_47' title='bbox 492 478 650 528; x_wconf 83' lang='lat' dir='ltr'>fugiens.</span> <span class='ocrx_word' id='word_1_48' title='bbox 706 478 840 529; x_wconf 89' lang='lat' dir='ltr'>Longa</span> <span class='ocrx_word' id='word_1_49' title='bbox 857 481 915 516; x_wconf 91' lang='lat' dir='ltr'>est</span> <span class='ocrx_word' id='word_1_50' title='bbox 933 479 1079 529; x_wconf 80' lang='lat' dir='ltr'>injuria,</span> <span class='ocrx_word' id='word_1_51' title='bbox 1098 480 1223 531; x_wconf 83' lang='lat' dir='ltr'>longae</span> 
     </span>
     <span class='ocr_line' id='line_1_9' title="bbox 241 531 1186 583; baseline 0.003 -15"><span class='ocrx_word' id='word_1_52' title='bbox 241 531 456 582; x_wconf 83' lang='lat' dir='ltr'>Ambages3</span> <span class='ocrx_word' id='word_1_53' title='bbox 485 531 549 569; x_wconf 90' lang='lat' dir='ltr'>sed</span> <span class='ocrx_word' id='word_1_54' title='bbox 568 544 715 568; x_wconf 89' lang='lat' dir='ltr'>summa</span> <span class='ocrx_word' id='word_1_55' title='bbox 732 545 864 581; x_wconf 86' lang='lat' dir='ltr'>sequar</span> <span class='ocrx_word' id='word_1_56' title='bbox 881 532 1034 583; x_wconf 88' lang='lat' dir='ltr'>fastigia</span> <span class='ocrx_word' id='word_1_57' title='bbox 1050 546 1186 571; x_wconf 92' lang='lat' dir='ltr'>rerum.</span> 
     </span>
     <span class='ocr_line' id='line_1_10' title="bbox 242 583 1143 636; baseline 0.003 -16"><span class='ocrx_word' id='word_1_58' title='bbox 242 584 347 622; x_wconf 84' lang='lat' dir='ltr'>Huic</span> <span class='ocrx_word' id='word_1_59' title='bbox 367 585 502 635; x_wconf 80' lang='lat' dir='ltr'>conjux</span> <span class='ocrx_word' id='word_1_60' title='bbox 523 583 703 635; x_wconf 86' lang='lat' dir='ltr'>Sychaeus</span> <span class='ocrx_word' id='word_1_61' title='bbox 723 587 814 631; x_wconf 89' lang='lat' dir='ltr'>erat,</span> <span class='ocrx_word' id='word_1_62' title='bbox 834 585 1043 623; x_wconf 88' lang='lat' dir='ltr'>ditissimus</span> <span class='ocrx_word' id='word_1_63' title='bbox 1063 586 1143 636; x_wconf 87' lang='lat' dir='ltr'>agri</span> 
     </span>
     <span class='ocr_line' id='line_1_11' title="bbox 242 637 1194 687; baseline 0.002 -13"><span class='ocrx_word' id='word_1_64' title='bbox 242 637 479 683; x_wconf 85' lang='lat' dir='ltr'>Phoenicum,</span> <span class='ocrx_word' id='word_1_65' title='bbox 499 639 537 675; x_wconf 91' lang='lat' dir='ltr'>et</span> <span class='ocrx_word' id='word_1_66' title='bbox 556 651 695 687; x_wconf 89' lang='lat' dir='ltr'>magno</span> <span class='ocrx_word' id='word_1_67' title='bbox 714 638 858 675; x_wconf 86' lang='lat' dir='ltr'>miserae</span> <span class='ocrx_word' id='word_1_68' title='bbox 877 638 1037 676; x_wconf 89' lang='lat' dir='ltr'>dilectus</span> <span class='ocrx_word' id='word_1_69' title='bbox 1057 652 1194 686; x_wconf 83' lang='lat' dir='ltr'>amore,</span> 
     </span>
     <span class='ocr_line' id='line_1_12' title="bbox 241 689 1216 742; baseline 0.002 -15"><span class='ocrx_word' id='word_1_70' title='bbox 241 689 312 727; x_wconf 90' lang='lat' dir='ltr'>Cui</span> <span class='ocrx_word' id='word_1_71' title='bbox 330 692 437 740; x_wconf 90' lang='lat' dir='ltr'>pater</span> <span class='ocrx_word' id='word_1_72' title='bbox 455 690 640 728; x_wconf 89' lang='lat' dir='ltr'>intactam</span> <span class='ocrx_word' id='word_1_73' title='bbox 659 690 823 737; x_wconf 88' lang='lat' dir='ltr'>dederat,</span> <span class='ocrx_word' id='word_1_74' title='bbox 842 691 1047 741; x_wconf 81' lang='lat' dir='ltr'>primisque</span> <span class='ocrx_word' id='word_1_75' title='bbox 1060 691 1216 742; x_wconf 85' lang='lat' dir='ltr'>jugarat</span> 
     </span>
     <span class='ocr_line' id='line_1_13' title="bbox 242 743 1228 794; baseline 0.002 -14"><span class='ocrx_word' id='word_1_76' title='bbox 242 743 452 781; x_wconf 87' lang='lat' dir='ltr'>Ominibus.</span> <span class='ocrx_word' id='word_1_77' title='bbox 508 743 582 780; x_wconf 83' lang='lat' dir='ltr'>Sed</span> <span class='ocrx_word' id='word_1_78' title='bbox 600 757 716 794; x_wconf 88' lang='lat' dir='ltr'>regna</span> <span class='ocrx_word' id='word_1_79' title='bbox 734 744 827 794; x_wconf 83' lang='lat' dir='ltr'>Tyri</span> <span class='ocrx_word' id='word_1_80' title='bbox 845 757 1045 794; x_wconf 89' lang='lat' dir='ltr'>germanus</span> <span class='ocrx_word' id='word_1_81' title='bbox 1064 745 1228 782; x_wconf 84' lang='lat' dir='ltr'>habebat</span> 
     </span>
     <span class='ocr_line' id='line_1_14' title="bbox 240 796 1226 847; baseline 0.001 -13"><span class='ocrx_word' id='word_1_82' title='bbox 240 796 480 847; x_wconf 77' lang='lat' dir='ltr'>Pygmalion,</span> <span class='ocrx_word' id='word_1_83' title='bbox 500 797 634 834; x_wconf 85' lang='lat' dir='ltr'>scelere</span> <span class='ocrx_word' id='word_1_84' title='bbox 653 799 740 834; x_wconf 90' lang='lat' dir='ltr'>ante</span> <span class='ocrx_word' id='word_1_85' title='bbox 759 797 849 834; x_wconf 89' lang='lat' dir='ltr'>alios</span> <span class='ocrx_word' id='word_1_86' title='bbox 867 797 1067 835; x_wconf 85' lang='lat' dir='ltr'>immanior</span> <span class='ocrx_word' id='word_1_87' title='bbox 1086 811 1226 836; x_wconf 87' lang='lat' dir='ltr'>omnes.</span> 
     </span>
     <span class='ocr_line' id='line_1_15' title="bbox 241 850 1230 901; baseline 0.002 -15"><span class='ocrx_word' id='word_1_88' title='bbox 241 850 344 896; x_wconf 82' lang='lat' dir='ltr'>Quos</span> <span class='ocrx_word' id='word_1_89' title='bbox 362 850 462 888; x_wconf 89' lang='lat' dir='ltr'>inter</span> <span class='ocrx_word' id='word_1_90' title='bbox 480 850 623 887; x_wconf 88' lang='lat' dir='ltr'>medius</span> <span class='ocrx_word' id='word_1_91' title='bbox 642 850 748 887; x_wconf 87' lang='lat' dir='ltr'>venit</span> <span class='ocrx_word' id='word_1_92' title='bbox 766 850 880 888; x_wconf 84' lang='lat' dir='ltr'>furor.</span> <span class='ocrx_word' id='word_1_93' title='bbox 935 850 1007 888; x_wconf 91' lang='lat' dir='ltr'>Ille</span> <span class='ocrx_word' id='word_1_94' title='bbox 1026 851 1230 901; x_wconf 79' lang='lat' dir='ltr'>Sychaeum</span> 
     </span>
     <span class='ocr_line' id='line_1_16' title="bbox 241 901 1109 953; baseline 0.002 -14"><span class='ocrx_word' id='word_1_95' title='bbox 241 901 389 953; x_wconf 88' lang='lat' dir='ltr'>Impius</span> <span class='ocrx_word' id='word_1_96' title='bbox 409 905 496 940; x_wconf 84' lang='lat' dir='ltr'>ante</span> <span class='ocrx_word' id='word_1_97' title='bbox 516 915 597 940; x_wconf 87' lang='lat' dir='ltr'>aras</span> <span class='ocrx_word' id='word_1_98' title='bbox 616 905 730 953; x_wconf 87' lang='lat' dir='ltr'>atque</span> <span class='ocrx_word' id='word_1_99' title='bbox 749 903 830 940; x_wconf 87' lang='lat' dir='ltr'>auri</span> <span class='ocrx_word' id='word_1_100' title='bbox 848 917 964 941; x_wconf 85' lang='lat' dir='ltr'>caecus</span> <span class='ocrx_word' id='word_1_101' title='bbox 985 917 1109 941; x_wconf 87' lang='lat' dir='ltr'>amore</span> 
     </span>
     <span class='ocr_line' id='line_1_17' title="bbox 241 955 1220 1006; baseline 0.001 -13"><span class='ocrx_word' id='word_1_102' title='bbox 241 955 349 993; x_wconf 86' lang='lat' dir='ltr'>Clam</span> <span class='ocrx_word' id='word_1_103' title='bbox 367 956 464 994; x_wconf 89' lang='lat' dir='ltr'>ferro</span> <span class='ocrx_word' id='word_1_104' title='bbox 482 955 678 993; x_wconf 86' lang='lat' dir='ltr'>incautum</span> <span class='ocrx_word' id='word_1_105' title='bbox 697 958 859 1006; x_wconf 88' lang='lat' dir='ltr'>superat,</span> <span class='ocrx_word' id='word_1_106' title='bbox 879 970 1029 995; x_wconf 83' lang='lat' dir='ltr'>securus</span> <span class='ocrx_word' id='word_1_107' title='bbox 1048 970 1220 994; x_wconf 90' lang='lat' dir='ltr'>amorum</span> 
     </span>
     <span class='ocr_line' id='line_1_18' title="bbox 242 1008 1190 1060; baseline 0.001 -14"><span class='ocrx_word' id='word_1_108' title='bbox 242 1008 442 1047; x_wconf 77' lang='lat' dir='ltr'>Germanae</span> <span class='ocrx_word' id='word_1_109' title='bbox 458 1026 466 1055; x_wconf 89' lang='lat'>;</span> <span class='ocrx_word' id='word_1_110' title='bbox 493 1009 709 1060; x_wconf 87' lang='lat' dir='ltr'>factumque</span> <span class='ocrx_word' id='word_1_111' title='bbox 729 1010 794 1046; x_wconf 89' lang='lat' dir='ltr'>diu</span> <span class='ocrx_word' id='word_1_112' title='bbox 812 1009 958 1055; x_wconf 87' lang='lat' dir='ltr'>celavit,</span> <span class='ocrx_word' id='word_1_113' title='bbox 978 1011 1016 1047; x_wconf 90' lang='lat' dir='ltr'>et</span> <span class='ocrx_word' id='word_1_114' title='bbox 1037 1023 1190 1060; x_wconf 80' lang='lat' dir='ltr'>aegram,</span> 
     </span>
     <span class='ocr_line' id='line_1_19' title="bbox 242 1061 1252 1113; baseline 0 -14"><span class='ocrx_word' id='word_1_115' title='bbox 242 1061 372 1100; x_wconf 71' lang='lat' dir='ltr'>Multa</span> <span class='ocrx_word' id='word_1_116' title='bbox 390 1062 511 1099; x_wconf 85' lang='lat' dir='ltr'>malus</span> <span class='ocrx_word' id='word_1_117' title='bbox 531 1062 721 1109; x_wconf 71' lang='lat' dir='ltr'>simulans,</span> <span class='ocrx_word' id='word_1_118' title='bbox 740 1076 838 1100; x_wconf 85' lang='lat' dir='ltr'>vana</span> <span class='ocrx_word' id='word_1_119' title='bbox 857 1076 920 1113; x_wconf 87' lang='lat' dir='ltr'>spe</span> <span class='ocrx_word' id='word_1_120' title='bbox 939 1063 1031 1100; x_wconf 89' lang='lat' dir='ltr'>lusit</span> <span class='ocrx_word' id='word_1_121' title='bbox 1051 1065 1252 1101; x_wconf 89' lang='lat' dir='ltr'>amantem.</span> 
     </span>
     <span class='ocr_line' id='line_1_20' title="bbox 241 1115 1107 1166; baseline 0.002 -14"><span class='ocrx_word' id='word_1_122' title='bbox 241 1115 332 1165; x_wconf 85' lang='lat' dir='ltr'>Ipsa</span> <span class='ocrx_word' id='word_1_123' title='bbox 350 1116 415 1153; x_wconf 86' lang='lat' dir='ltr'>sed</span> <span class='ocrx_word' id='word_1_124' title='bbox 432 1115 472 1152; x_wconf 88' lang='lat' dir='ltr'>in</span> <span class='ocrx_word' id='word_1_125' title='bbox 491 1116 631 1152; x_wconf 89' lang='lat' dir='ltr'>somnis</span> <span class='ocrx_word' id='word_1_126' title='bbox 650 1116 840 1153; x_wconf 88' lang='lat' dir='ltr'>inhumati</span> <span class='ocrx_word' id='word_1_127' title='bbox 857 1116 963 1153; x_wconf 89' lang='lat' dir='ltr'>venit</span> <span class='ocrx_word' id='word_1_128' title='bbox 980 1116 1107 1166; x_wconf 87' lang='lat' dir='ltr'>imago</span> 
     </span>
     <span class='ocr_line' id='line_1_21' title="bbox 242 1167 1166 1219; baseline 0.001 -14"><span class='ocrx_word' id='word_1_129' title='bbox 242 1167 423 1219; x_wconf 85' lang='lat' dir='ltr'>Conjugis</span> <span class='ocrx_word' id='word_1_130' title='bbox 437 1185 445 1215; x_wconf 84' lang='lat'><em>3</em></span> <span class='ocrx_word' id='word_1_131' title='bbox 474 1182 538 1206; x_wconf 89' lang='lat' dir='ltr'>ora</span> <span class='ocrx_word' id='word_1_132' title='bbox 555 1168 676 1205; x_wconf 90' lang='lat' dir='ltr'>modis</span> <span class='ocrx_word' id='word_1_133' title='bbox 696 1169 873 1206; x_wconf 87' lang='lat' dir='ltr'>attollens</span> <span class='ocrx_word' id='word_1_134' title='bbox 891 1169 1031 1218; x_wconf 82' lang='lat' dir='ltr'>pallida</span> <span class='ocrx_word' id='word_1_135' title='bbox 1049 1169 1166 1215; x_wconf 87' lang='lat' dir='ltr'>miris,</span> 
     </span>
     <span class='ocr_line' id='line_1_22' title="bbox 241 1221 1053 1271; baseline 0.001 -13"><span class='ocrx_word' id='word_1_136' title='bbox 241 1221 418 1259; x_wconf 85' lang='lat' dir='ltr'>Crudeles</span> <span class='ocrx_word' id='word_1_137' title='bbox 438 1235 518 1259; x_wconf 87' lang='lat' dir='ltr'>aras</span> <span class='ocrx_word' id='word_1_138' title='bbox 537 1221 768 1271; x_wconf 87' lang='lat' dir='ltr'>trajectaque</span> <span class='ocrx_word' id='word_1_139' title='bbox 786 1224 939 1271; x_wconf 89' lang='lat' dir='ltr'>pectora</span> <span class='ocrx_word' id='word_1_140' title='bbox 956 1222 1053 1260; x_wconf 86' lang='lat' dir='ltr'>ferro</span> 
     </span>
     <span class='ocr_line' id='line_1_23' title="bbox 240 1275 1244 1324; baseline 0.001 -13"><span class='ocrx_word' id='word_1_141' title='bbox 240 1275 282 1311; x_wconf 85' lang='lat' dir='ltr'>N</span> <span class='ocrx_word' id='word_1_142' title='bbox 283 1275 426 1320; x_wconf 87' lang='lat' dir='ltr'>udavit,</span> <span class='ocrx_word' id='word_1_143' title='bbox 446 1288 656 1324; x_wconf 82' lang='lat' dir='ltr'>caecumque</span> <span class='ocrx_word' id='word_1_144' title='bbox 676 1275 808 1312; x_wconf 85' lang='lat' dir='ltr'>domus</span> <span class='ocrx_word' id='word_1_145' title='bbox 829 1275 947 1312; x_wconf 88' lang='lat' dir='ltr'>scelus</span> <span class='ocrx_word' id='word_1_146' title='bbox 966 1288 1077 1312; x_wconf 92' lang='lat' dir='ltr'>omne</span> <span class='ocrx_word' id='word_1_147' title='bbox 1095 1275 1244 1312; x_wconf 84' lang='lat' dir='ltr'>retexit.</span> 
     </span>
     <span class='ocr_line' id='line_1_24' title="bbox 241 1327 1232 1378; baseline 0 -13"><span class='ocrx_word' id='word_1_148' title='bbox 241 1327 341 1365; x_wconf 86' lang='lat' dir='ltr'>Tum</span> <span class='ocrx_word' id='word_1_149' title='bbox 361 1328 517 1365; x_wconf 87' lang='lat' dir='ltr'>celerare</span> <span class='ocrx_word' id='word_1_150' title='bbox 537 1328 666 1378; x_wconf 87' lang='lat' dir='ltr'>fugam</span> <span class='ocrx_word' id='word_1_151' title='bbox 684 1328 878 1378; x_wconf 83' lang='lat' dir='ltr'>patriaque</span> <span class='ocrx_word' id='word_1_152' title='bbox 897 1328 1070 1365; x_wconf 80' lang='lat' dir='ltr'>excedere</span> <span class='ocrx_word' id='word_1_153' title='bbox 1089 1329 1232 1374; x_wconf 80' lang='lat' dir='ltr'>suadet,</span> 
     </span>
     <span class='ocr_line' id='line_1_25' title="bbox 240 1381 1094 1431; baseline 0 -13"><span class='ocrx_word' id='word_1_154' title='bbox 240 1381 511 1431; x_wconf 83' lang='lat' dir='ltr'>Auxiliumque</span> <span class='ocrx_word' id='word_1_155' title='bbox 529 1381 598 1418; x_wconf 83' lang='lat' dir='ltr'>viae</span> <span class='ocrx_word' id='word_1_156' title='bbox 618 1383 762 1418; x_wconf 87' lang='lat' dir='ltr'>veteres</span> <span class='ocrx_word' id='word_1_157' title='bbox 781 1381 916 1418; x_wconf 86' lang='lat' dir='ltr'>tellure</span> <span class='ocrx_word' id='word_1_158' title='bbox 935 1381 1094 1418; x_wconf 84' lang='lat' dir='ltr'>recludit</span> 
     </span>
     <span class='ocr_line' id='line_1_26' title="bbox 241 1433 1162 1484; baseline -0.001 -13"><span class='ocrx_word' id='word_1_159' title='bbox 241 1434 464 1480; x_wconf 84' lang='lat' dir='ltr'>Thesauros,</span> <span class='ocrx_word' id='word_1_160' title='bbox 483 1434 660 1484; x_wconf 85' lang='lat' dir='ltr'>ignotum</span> <span class='ocrx_word' id='word_1_161' title='bbox 680 1435 829 1484; x_wconf 82' lang='lat' dir='ltr'>argenti</span> <span class='ocrx_word' id='word_1_162' title='bbox 847 1434 993 1483; x_wconf 88' lang='lat' dir='ltr'>pondus</span> <span class='ocrx_word' id='word_1_163' title='bbox 1012 1436 1050 1471; x_wconf 90' lang='lat' dir='ltr'>et</span> <span class='ocrx_word' id='word_1_164' title='bbox 1071 1433 1162 1470; x_wconf 88' lang='lat' dir='ltr'>auri.</span> 
     </span>
     <span class='ocr_line' id='line_1_27' title="bbox 242 1487 1193 1537; baseline -0.001 -13"><span class='ocrx_word' id='word_1_165' title='bbox 242 1487 318 1524; x_wconf 90' lang='lat' dir='ltr'>His</span> <span class='ocrx_word' id='word_1_166' title='bbox 338 1490 527 1525; x_wconf 88' lang='lat' dir='ltr'>commota</span> <span class='ocrx_word' id='word_1_167' title='bbox 545 1487 675 1537; x_wconf 83' lang='lat' dir='ltr'>fugam</span> <span class='ocrx_word' id='word_1_168' title='bbox 694 1487 795 1524; x_wconf 90' lang='lat' dir='ltr'>Dido</span> <span class='ocrx_word' id='word_1_169' title='bbox 815 1488 1006 1537; x_wconf 87' lang='lat' dir='ltr'>sociosque</span> <span class='ocrx_word' id='word_1_170' title='bbox 1024 1487 1193 1536; x_wconf 84' lang='lat' dir='ltr'>parabat.</span> 
     </span>
     <span class='ocr_line' id='line_1_28' title="bbox 242 1539 1221 1590; baseline -0.001 -13"><span class='ocrx_word' id='word_1_171' title='bbox 242 1540 494 1586; x_wconf 84' lang='lat' dir='ltr'>Conveniunt,</span> <span class='ocrx_word' id='word_1_172' title='bbox 514 1540 648 1590; x_wconf 87' lang='lat' dir='ltr'>quibus</span> <span class='ocrx_word' id='word_1_173' title='bbox 668 1542 734 1577; x_wconf 85' lang='lat' dir='ltr'>aut</span> <span class='ocrx_word' id='word_1_174' title='bbox 754 1540 881 1577; x_wconf 90' lang='lat' dir='ltr'>odium</span> <span class='ocrx_word' id='word_1_175' title='bbox 901 1540 1048 1577; x_wconf 84' lang='lat' dir='ltr'>crudele</span> <span class='ocrx_word' id='word_1_176' title='bbox 1066 1539 1221 1590; x_wconf 80' lang='lat' dir='ltr'>tyranni</span> 
     </span>
     <span class='ocr_line' id='line_1_29' title="bbox 241 1593 1231 1643; baseline -0.002 -12"><span class='ocrx_word' id='word_1_177' title='bbox 241 1594 324 1631; x_wconf 89' lang='lat' dir='ltr'>Aut</span> <span class='ocrx_word' id='word_1_178' title='bbox 342 1596 467 1631; x_wconf 88' lang='lat' dir='ltr'>metus</span> <span class='ocrx_word' id='word_1_179' title='bbox 487 1607 569 1630; x_wconf 88' lang='lat' dir='ltr'>acer</span> <span class='ocrx_word' id='word_1_180' title='bbox 588 1595 690 1639; x_wconf 82' lang='lat' dir='ltr'>erat3</span> <span class='ocrx_word' id='word_1_181' title='bbox 718 1607 843 1639; x_wconf 80' lang='lat' dir='ltr'>naveS,</span> <span class='ocrx_word' id='word_1_182' title='bbox 863 1607 943 1643; x_wconf 80' lang='lat' dir='ltr'>quae</span> <span class='ocrx_word' id='word_1_183' title='bbox 962 1593 1059 1630; x_wconf 89' lang='lat' dir='ltr'>forte</span> <span class='ocrx_word' id='word_1_184' title='bbox 1078 1594 1231 1642; x_wconf 84' lang='lat' dir='ltr'>paratae,</span> 
     </span>
     <span class='ocr_line' id='line_1_30' title="bbox 243 1646 1229 1697; baseline -0.002 -13"><span class='ocrx_word' id='word_1_185' title='bbox 243 1647 473 1697; x_wconf 86' lang='lat' dir='ltr'>Corripiunt,</span> <span class='ocrx_word' id='word_1_186' title='bbox 493 1649 723 1696; x_wconf 86' lang='lat' dir='ltr'>onerantque</span> <span class='ocrx_word' id='word_1_187' title='bbox 743 1660 843 1684; x_wconf 68' lang='lat' dir='ltr'>am&#39;o.</span> <span class='ocrx_word' id='word_1_188' title='bbox 899 1646 1109 1683; x_wconf 89' lang='lat' dir='ltr'>Portantur</span> <span class='ocrx_word' id='word_1_189' title='bbox 1127 1646 1229 1683; x_wconf 84' lang='lat' dir='ltr'>avari</span> 
     </span>
     <span class='ocr_line' id='line_1_31' title="bbox 242 1699 1166 1750; baseline -0.001 -13"><span class='ocrx_word' id='word_1_190' title='bbox 242 1700 503 1750; x_wconf 85' lang='lat' dir='ltr'>Pygmalionis</span> <span class='ocrx_word' id='word_1_191' title='bbox 523 1713 610 1750; x_wconf 89' lang='lat' dir='ltr'>opes</span> <span class='ocrx_word' id='word_1_192' title='bbox 629 1700 783 1750; x_wconf 81' lang='lat' dir='ltr'>pelago3</span> <span class='ocrx_word' id='word_1_193' title='bbox 812 1700 887 1736; x_wconf 79' lang='lat' dir='ltr'>dux</span> <span class='ocrx_word' id='word_1_194' title='bbox 905 1699 1045 1736; x_wconf 79' lang='lat' dir='ltr'>femina</span> <span class='ocrx_word' id='word_1_195' title='bbox 1063 1699 1166 1736; x_wconf 86' lang='lat' dir='ltr'>facti.</span> 
     </span>
     <span class='ocr_line' id='line_1_32' title="bbox 241 1752 1103 1803; baseline -0.002 -12"><span class='ocrx_word' id='word_1_196' title='bbox 241 1753 436 1791; x_wconf 89' lang='lat' dir='ltr'>Devenere</span> <span class='ocrx_word' id='word_1_197' title='bbox 454 1753 566 1799; x_wconf 89' lang='lat' dir='ltr'>locos,</span> <span class='ocrx_word' id='word_1_198' title='bbox 585 1753 651 1790; x_wconf 90' lang='lat' dir='ltr'>ubi</span> <span class='ocrx_word' id='word_1_199' title='bbox 668 1766 769 1790; x_wconf 91' lang='lat' dir='ltr'>nunc</span> <span class='ocrx_word' id='word_1_200' title='bbox 787 1752 959 1803; x_wconf 85' lang='lat' dir='ltr'>ingentia</span> <span class='ocrx_word' id='word_1_201' title='bbox 977 1765 1103 1789; x_wconf 89' lang='lat' dir='ltr'>cernes</span> 
     </span>
     <span class='ocr_line' id='line_1_33' title="bbox 242 1805 1242 1857; baseline -0.001 -14"><span class='ocrx_word' id='word_1_202' title='bbox 242 1806 389 1844; x_wconf 87' lang='lat' dir='ltr'>Moenia</span> <span class='ocrx_word' id='word_1_203' title='bbox 407 1809 698 1857; x_wconf 84' lang='lat' dir='ltr'>surgentemque</span> <span class='ocrx_word' id='word_1_204' title='bbox 718 1819 826 1843; x_wconf 88' lang='lat' dir='ltr'>novae</span> <span class='ocrx_word' id='word_1_205' title='bbox 847 1805 1088 1855; x_wconf 85' lang='lat' dir='ltr'>Carthaginis</span> <span class='ocrx_word' id='word_1_206' title='bbox 1109 1818 1242 1851; x_wconf 84' lang='lat' dir='ltr'>arcem,</span> 
     </span>
     <span class='ocr_line' id='line_1_34' title="bbox 241 1858 1167 1910; baseline -0.001 -15"><span class='ocrx_word' id='word_1_207' title='bbox 241 1859 478 1910; x_wconf 89' lang='lat' dir='ltr'>Mercatique</span> <span class='ocrx_word' id='word_1_208' title='bbox 497 1860 630 1905; x_wconf 90' lang='lat' dir='ltr'>solum,</span> <span class='ocrx_word' id='word_1_209' title='bbox 649 1859 740 1896; x_wconf 86' lang='lat' dir='ltr'>facti</span> <span class='ocrx_word' id='word_1_210' title='bbox 759 1859 804 1896; x_wconf 90' lang='lat' dir='ltr'>de</span> <span class='ocrx_word' id='word_1_211' title='bbox 822 1858 973 1896; x_wconf 88' lang='lat' dir='ltr'>nomine</span> <span class='ocrx_word' id='word_1_212' title='bbox 992 1859 1167 1908; x_wconf 87' lang='lat' dir='ltr'>Byrsam,</span> 
     </span>
     <span class='ocr_line' id='line_1_35' title="bbox 243 1912 1173 1963; baseline 0 -15"><span class='ocrx_word' id='word_1_213' title='bbox 243 1912 409 1950; x_wconf 86' lang='lat' dir='ltr'>Taurino</span> <span class='ocrx_word' id='word_1_214' title='bbox 429 1915 615 1962; x_wconf 84' lang='lat' dir='ltr'>quantum</span> <span class='ocrx_word' id='word_1_215' title='bbox 632 1914 786 1963; x_wconf 88' lang='lat' dir='ltr'>possent</span> <span class='ocrx_word' id='word_1_216' title='bbox 805 1912 1034 1949; x_wconf 88' lang='lat' dir='ltr'>circumdare</span> <span class='ocrx_word' id='word_1_217' title='bbox 1052 1913 1173 1961; x_wconf 88' lang='lat' dir='ltr'>tergo.</span> 
     </span>
     <span class='ocr_line' id='line_1_36' title="bbox 242 1963 1254 2016; baseline -0.002 -14"><span class='ocrx_word' id='word_1_218' title='bbox 242 1965 316 2002; x_wconf 88' lang='lat' dir='ltr'>Sed</span> <span class='ocrx_word' id='word_1_219' title='bbox 334 1978 401 2002; x_wconf 90' lang='lat' dir='ltr'>vos</span> <span class='ocrx_word' id='word_1_220' title='bbox 421 1965 485 2015; x_wconf 87' lang='lat' dir='ltr'>qui</span> <span class='ocrx_word' id='word_1_221' title='bbox 503 1966 669 2011; x_wconf 90' lang='lat' dir='ltr'>tandem,</span> <span class='ocrx_word' id='word_1_222' title='bbox 689 1965 824 2016; x_wconf 90' lang='lat' dir='ltr'>quibus</span> <span class='ocrx_word' id='word_1_223' title='bbox 843 1967 910 2002; x_wconf 90' lang='lat' dir='ltr'>aut</span> <span class='ocrx_word' id='word_1_224' title='bbox 928 1964 1084 2002; x_wconf 87' lang='lat' dir='ltr'>venistis</span> <span class='ocrx_word' id='word_1_225' title='bbox 1104 1965 1150 2001; x_wconf 86' lang='lat' dir='ltr'>ab</span> <span class='ocrx_word' id='word_1_226' title='bbox 1170 1963 1254 2009; x_wconf 87' lang='lat' dir='ltr'>oris,</span> 
     </span>
     <span class='ocr_line' id='line_1_37' title="bbox 242 2017 1166 2064; baseline -0.002 -9"><span class='ocrx_word' id='word_1_227' title='bbox 242 2018 373 2064; x_wconf 78' lang='lat' dir='ltr'>Quove</span> <span class='ocrx_word' id='word_1_228' title='bbox 391 2018 530 2055; x_wconf 84' lang='lat' dir='ltr'>tenetis</span> <span class='ocrx_word' id='word_1_229' title='bbox 548 2018 679 2056; x_wconf 76' lang='lat' dir='ltr'>ite1·⁴?”</span> <span class='ocrx_word' id='word_1_230' title='bbox 737 2018 929 2064; x_wconf 83' lang='lat' dir='ltr'>Quaerenti</span> <span class='ocrx_word' id='word_1_231' title='bbox 947 2017 1086 2054; x_wconf 88' lang='lat' dir='ltr'>talibus</span> <span class='ocrx_word' id='word_1_232' title='bbox 1104 2017 1166 2053; x_wconf 87' lang='lat' dir='ltr'>ille</span> 
     </span>
     <span class='ocr_line' id='line_1_38' title="bbox 242 2070 1171 2120; baseline -0.002 -13"><span class='ocrx_word' id='word_1_233' title='bbox 242 2070 453 2120; x_wconf 83' lang='lat' dir='ltr'>Suspirans,</span> <span class='ocrx_word' id='word_1_234' title='bbox 472 2071 621 2120; x_wconf 89' lang='lat' dir='ltr'>imoque</span> <span class='ocrx_word' id='word_1_235' title='bbox 639 2071 794 2108; x_wconf 87' lang='lat' dir='ltr'>trahens</span> <span class='ocrx_word' id='word_1_236' title='bbox 813 2084 835 2108; x_wconf 88' lang='lat' dir='ltr'>a</span> <span class='ocrx_word' id='word_1_237' title='bbox 852 2072 1002 2120; x_wconf 88' lang='lat' dir='ltr'>pectore</span> <span class='ocrx_word' id='word_1_238' title='bbox 1021 2082 1171 2106; x_wconf 90' lang='lat' dir='ltr'>vocem:</span> 
     </span>
    </p>

    <p class='ocr_par' dir='ltr' id='par_1_3' title="bbox 241 2122 1250 2438">
     <span class='ocr_line' id='line_1_39' title="bbox 296 2122 1250 2173; baseline -0.004 -12"><span class='ocrx_word' id='word_1_239' title='bbox 296 2127 316 2143; x_wconf 84' lang='lat'><strong>“</strong></span> <span class='ocrx_word' id='word_1_240' title='bbox 331 2123 363 2160; x_wconf 94' lang='lat' dir='ltr'>O</span> <span class='ocrx_word' id='word_1_241' title='bbox 384 2124 463 2169; x_wconf 87' lang='lat' dir='ltr'>dea,</span> <span class='ocrx_word' id='word_1_242' title='bbox 482 2123 513 2160; x_wconf 88' lang='lat' dir='ltr'>si</span> <span class='ocrx_word' id='word_1_243' title='bbox 530 2123 652 2173; x_wconf 86' lang='lat' dir='ltr'>prima</span> <span class='ocrx_word' id='word_1_244' title='bbox 669 2125 840 2173; x_wconf 88' lang='lat' dir='ltr'>repetens</span> <span class='ocrx_word' id='word_1_245' title='bbox 859 2124 905 2160; x_wconf 90' lang='lat' dir='ltr'>ab</span> <span class='ocrx_word' id='word_1_246' title='bbox 924 2122 1067 2172; x_wconf 88' lang='lat' dir='ltr'>origine</span> <span class='ocrx_word' id='word_1_247' title='bbox 1085 2134 1250 2171; x_wconf 87' lang='lat' dir='ltr'>pergam,</span> 
     </span>
     <span class='ocr_line' id='line_1_40' title="bbox 241 2175 1172 2221; baseline -0.003 -8"><span class='ocrx_word' id='word_1_248' title='bbox 241 2176 297 2213; x_wconf 86' lang='lat' dir='ltr'>Et</span> <span class='ocrx_word' id='word_1_249' title='bbox 316 2178 424 2214; x_wconf 85' lang='lat' dir='ltr'>vacet</span> <span class='ocrx_word' id='word_1_250' title='bbox 443 2177 593 2213; x_wconf 88' lang='lat' dir='ltr'>annales</span> <span class='ocrx_word' id='word_1_251' title='bbox 611 2178 828 2213; x_wconf 86' lang='lat' dir='ltr'>nostrorum</span> <span class='ocrx_word' id='word_1_252' title='bbox 845 2175 972 2213; x_wconf 90' lang='lat' dir='ltr'>audire</span> <span class='ocrx_word' id='word_1_253' title='bbox 990 2175 1172 2221; x_wconf 83' lang='lat' dir='ltr'>laborum,</span> 
     </span>
     <span class='ocr_line' id='line_1_41' title="bbox 241 2228 1169 2278; baseline -0.003 -11"><span class='ocrx_word' id='word_1_254' title='bbox 241 2230 346 2267; x_wconf 86' lang='lat' dir='ltr'>Ante</span> <span class='ocrx_word' id='word_1_255' title='bbox 365 2230 464 2267; x_wconf 89' lang='lat' dir='ltr'>diem</span> <span class='ocrx_word' id='word_1_256' title='bbox 484 2229 607 2266; x_wconf 86' lang='lat' dir='ltr'>clauso</span> <span class='ocrx_word' id='word_1_257' title='bbox 626 2231 825 2278; x_wconf 87' lang='lat' dir='ltr'>componet</span> <span class='ocrx_word' id='word_1_258' title='bbox 843 2242 974 2278; x_wconf 90' lang='lat' dir='ltr'>vesper</span> <span class='ocrx_word' id='word_1_259' title='bbox 994 2228 1169 2278; x_wconf 88' lang='lat' dir='ltr'>Olympo,</span> 
     </span>
     <span class='ocr_line' id='line_1_42' title="bbox 241 2282 1177 2332; baseline -0.004 -12"><span class='ocrx_word' id='word_1_260' title='bbox 241 2283 325 2320; x_wconf 89' lang='lat' dir='ltr'>Nos</span> <span class='ocrx_word' id='word_1_261' title='bbox 345 2282 459 2332; x_wconf 85' lang='lat' dir='ltr'>Troja</span> <span class='ocrx_word' id='word_1_262' title='bbox 477 2282 642 2332; x_wconf 89' lang='lat' dir='ltr'>antiqua,</span> <span class='ocrx_word' id='word_1_263' title='bbox 662 2282 693 2319; x_wconf 94' lang='lat' dir='ltr'>si</span> <span class='ocrx_word' id='word_1_264' title='bbox 710 2283 854 2319; x_wconf 88' lang='lat' dir='ltr'>vestras</span> <span class='ocrx_word' id='word_1_265' title='bbox 872 2282 969 2319; x_wconf 89' lang='lat' dir='ltr'>forte</span> <span class='ocrx_word' id='word_1_266' title='bbox 988 2294 1053 2331; x_wconf 86' lang='lat' dir='ltr'>per</span> <span class='ocrx_word' id='word_1_267' title='bbox 1071 2293 1177 2317; x_wconf 88' lang='lat' dir='ltr'>aures</span> 
     </span>
     <span class='ocr_line' id='line_1_43' title="bbox 242 2335 1166 2386; baseline -0.004 -13"><span class='ocrx_word' id='word_1_268' title='bbox 242 2336 368 2386; x_wconf 85' lang='lat' dir='ltr'>Trojae</span> <span class='ocrx_word' id='word_1_269' title='bbox 387 2349 525 2373; x_wconf 90' lang='lat' dir='ltr'>nomen</span> <span class='ocrx_word' id='word_1_270' title='bbox 543 2335 601 2381; x_wconf 86' lang='lat' dir='ltr'>iit,</span> <span class='ocrx_word' id='word_1_271' title='bbox 621 2335 767 2372; x_wconf 89' lang='lat' dir='ltr'>diversa</span> <span class='ocrx_word' id='word_1_272' title='bbox 784 2348 849 2384; x_wconf 91' lang='lat' dir='ltr'>per</span> <span class='ocrx_word' id='word_1_273' title='bbox 870 2347 1020 2384; x_wconf 87' lang='lat' dir='ltr'>aequora</span> <span class='ocrx_word' id='word_1_274' title='bbox 1037 2336 1166 2370; x_wconf 89' lang='lat' dir='ltr'>vectos</span> 
     </span>
     <span class='ocr_line' id='line_1_44' title="bbox 243 2386 1109 2438; baseline -0.003 -12"><span class='ocrx_word' id='word_1_275' title='bbox 243 2389 360 2426; x_wconf 85' lang='lat' dir='ltr'>Forte</span> <span class='ocrx_word' id='word_1_276' title='bbox 380 2402 447 2426; x_wconf 87' lang='lat' dir='ltr'>sua</span> <span class='ocrx_word' id='word_1_277' title='bbox 464 2388 618 2438; x_wconf 87' lang='lat' dir='ltr'>Libycis</span> <span class='ocrx_word' id='word_1_278' title='bbox 636 2390 842 2437; x_wconf 87' lang='lat' dir='ltr'>tempestas</span> <span class='ocrx_word' id='word_1_279' title='bbox 861 2387 1005 2437; x_wconf 88' lang='lat' dir='ltr'>appulit</span> <span class='ocrx_word' id='word_1_280' title='bbox 1024 2386 1109 2424; x_wconf 90' lang='lat' dir='ltr'>oris.</span> 
     </span>
    </p>

    <p class='ocr_par' dir='ltr' id='par_1_4' title="bbox 244 2440 1238 2598">
     <span class='ocr_line' id='line_1_45' title="bbox 244 2440 1203 2492; baseline -0.004 -13"><span class='ocrx_word' id='word_1_281' title='bbox 244 2442 337 2479; x_wconf 87' lang='lat' dir='ltr'>Sum</span> <span class='ocrx_word' id='word_1_282' title='bbox 355 2442 439 2492; x_wconf 87' lang='lat' dir='ltr'>pius</span> <span class='ocrx_word' id='word_1_283' title='bbox 458 2441 609 2488; x_wconf 87' lang='lat' dir='ltr'>AEneas,</span> <span class='ocrx_word' id='word_1_284' title='bbox 628 2443 756 2491; x_wconf 87' lang='lat' dir='ltr'>raptos</span> <span class='ocrx_word' id='word_1_285' title='bbox 775 2440 840 2491; x_wconf 89' lang='lat' dir='ltr'>qui</span> <span class='ocrx_word' id='word_1_286' title='bbox 859 2453 903 2478; x_wconf 76' lang='lat' dir='ltr'>ex</span> <span class='ocrx_word' id='word_1_287' title='bbox 921 2440 1031 2477; x_wconf 89' lang='lat' dir='ltr'>hoste</span> <span class='ocrx_word' id='word_1_288' title='bbox 1049 2440 1203 2489; x_wconf 88' lang='lat' dir='ltr'>penates</span> 
     </span>
     <span class='ocr_line' id='line_1_46' title="bbox 244 2493 1219 2543; baseline -0.004 -11"><span class='ocrx_word' id='word_1_289' title='bbox 244 2494 372 2532; x_wconf 88' lang='lat' dir='ltr'>Classe</span> <span class='ocrx_word' id='word_1_290' title='bbox 390 2494 487 2532; x_wconf 91' lang='lat' dir='ltr'>veho</span> <span class='ocrx_word' id='word_1_291' title='bbox 506 2508 665 2540; x_wconf 82' lang='lat' dir='ltr'>mecum,</span> <span class='ocrx_word' id='word_1_292' title='bbox 685 2494 785 2531; x_wconf 87' lang='lat' dir='ltr'>fama</span> <span class='ocrx_word' id='word_1_293' title='bbox 802 2506 912 2543; x_wconf 90' lang='lat' dir='ltr'>super</span> <span class='ocrx_word' id='word_1_294' title='bbox 933 2493 1076 2530; x_wconf 79' lang='lat' dir='ltr'>aethera</span> <span class='ocrx_word' id='word_1_295' title='bbox 1094 2494 1219 2529; x_wconf 87' lang='lat' dir='ltr'>notus.</span> 
     </span>
     <span class='ocr_line' id='line_1_47' title="bbox 244 2546 1238 2598; baseline -0.003 -13"><span class='ocrx_word' id='word_1_296' title='bbox 244 2547 401 2586; x_wconf 90' lang='lat' dir='ltr'>Italiam</span> <span class='ocrx_word' id='word_1_297' title='bbox 420 2561 545 2598; x_wconf 89' lang='lat' dir='ltr'>quaero</span> <span class='ocrx_word' id='word_1_298' title='bbox 564 2547 737 2598; x_wconf 86' lang='lat' dir='ltr'>patriam,</span> <span class='ocrx_word' id='word_1_299' title='bbox 757 2561 876 2598; x_wconf 89' lang='lat' dir='ltr'>genus</span> <span class='ocrx_word' id='word_1_300' title='bbox 895 2546 942 2584; x_wconf 88' lang='lat' dir='ltr'>ab</span> <span class='ocrx_word' id='word_1_301' title='bbox 962 2546 1060 2584; x_wconf 84' lang='lat' dir='ltr'>Jove</span> <span class='ocrx_word' id='word_1_302' title='bbox 1080 2557 1238 2583; x_wconf 89' lang='lat' dir='ltr'>summo.</span> 
     </span>
    </p>
   </div>
  </div>
 </body>
</html>
