1705 2744
605 87 795 114 AENEIDOS
815 87 897 114 LIB.
918 87 994 114 VH.

165 181 354 219 Certatim
372 194 451 219 sese
469 181 609 219 Rutuli
627 183 878 220 exhortantur
895 182 935 219 in
954 195 1069 220 arma.

166 235 284 272 Hune
304 235 416 272 decus
436 236 632 285 egregium
651 236 780 273 formae
799 237 928 273 movet
948 237 1062 284 atque
1075 235 1248 286 juventae
1267 254 1274 283 3

166 287 285 325 Hunc
304 288 407 325 atavi
425 301 543 338 reges,
562 289 665 326 hunc
684 289 793 326 claris
812 289 967 326 dextera
984 289 1106 326 factis.

219 341 325 378 Dum
344 341 496 378 Turnus
515 341 682 379 Rutulos
702 342 836 379 animis
856 342 1058 379 audacibus
1077 342 1222 393 implet,

166 393 316 432 Allecto
334 394 375 431 'm
395 395 558 432 Teucros
578 395 724 445 Stygiis
744 409 782 433 se
801 395 970 433 concitat
989 395 1068 432 alis.

165 447 263 485 Arte
280 461 379 485 nova
398 448 590 497 speculata
608 448 744 494 locum,
765 462 838 497 quo
858 448 970 485 litore
988 449 1145 499 pulcher

165 499 321 537 Insidiis
341 514 525 550 cursuque
543 501 639 538 feras
659 502 831 552 agitabat
850 501 969 547 Iulus,

166 553 245 590 Hic
264 554 430 591 subitam
450 554 604 592 canibus
623 555 765 592 rabiem
785 554 947 605 Cocytia
964 554 1073 605 virgo

167 606 321 657 Objioit,
342 610 380 644 et
399 609 492 644 noto
511 621 618 645 nares
638 608 830 658 contingit
849 608 972 653 odore,

166 659 224 697 Ut
244 673 397 697 cervum
417 661 591 698 ardentes
611 665 767 711 agerent
784 678 791 699 ε
822 674 906 710 quae
924 661 1047 711 prima
1064 661 1237 699 laborum

167 712 290 750 Causa
307 714 393 760 fuit,
412 714 583 764 belloque
603 715 748 752 animos
768 714 939 752 accendit
959 717 1138 764 agrestes.

166 765 309 803 Cervus
329 769 410 804 erat
429 767 550 804 forma
568 768 768 817 praestanti
787 769 826 805 et
845 767 1020 805 cornibus
1039 767 1185 818 ingens,

166 819 367 869 Tyrrhidae
385 820 492 870 pueri
511 834 623 870 quem
642 821 775 858 matris
795 821 841 858 ab
860 821 974 858 ubere
992 824 1146 871 raptum

165 871 392 920 Nutribant,
413 873 681 924 Tyrrheusque
700 877 818 924 pater,
839 874 899 912 cui
918 874 1021 925 regia
1039 877 1173 925 parent

165 926 364 973 Armenta,
384 929 423 964 et
442 927 519 964 late
539 928 711 965 custodia
730 928 874 965 credita
892 928 1026 977 campi.

165 979 377 1017 Assuetum
394 980 560 1030 imperiis
580 994 684 1018 soror
699 981 803 1018 omni
823 981 940 1018 Silvia
957 995 1047 1018 cura

165 1032 351 1070 Mollibus
369 1033 543 1071 intexens
563 1035 722 1072 ornabat
742 1048 882 1072 cornua
900 1035 1025 1080 certis⁷

165 1085 425 1136 Pectebatque
443 1087 576 1134 ferum,
595 1101 763 1137 puroque
782 1088 823 1125 in
840 1088 946 1125 sonte
965 1087 1130 1124 lavabat.

166 1138 239 1176 Ille
258 1153 415 1177 manum
434 1140 593 1190 patiens,
612 1154 827 1190 mensaeque
846 1143 1018 1178 assuetus
1037 1141 1158 1186 herili,

166 1192 332 1230 Errabat
351 1193 477 1240 silvis;
504 1207 707 1244 rursusque
727 1194 774 1231 ad
792 1194 924 1231 limina
942 1196 1036 1232 nota

165 1245 255 1295 Ipse
275 1246 432 1284 domum
451 1260 532 1284 sera
551 1247 722 1296 quamvis
742 1261 780 1285 se
799 1250 911 1285 nocte
931 1248 1087 1285 ferebat.

166 1298 284 1337 Hunc
303 1300 435 1350 procul
453 1303 643 1338 errantem
661 1301 803 1338 rabidae
820 1301 996 1338 venantis
1016 1301 1094 1338 Iuli

166 1351 414 1391 commovere
433 1367 554 1400 canes,
573 1354 688 1391 fluvio
709 1368 825 1403 quum
844 1354 943 1392 forte
962 1354 1127 1392 secundo

165 1404 373 1453 Deflueret,
392 1406 546 1457 ripaque
565 1410 679 1444 aestus
698 1407 886 1445 viridante
904 1408 1058 1445 levaret.

165 1458 254 1509 Ipse
273 1460 402 1506 etiam,
422 1460 570 1498 eximiae
587 1460 708 1498 laudis
728 1475 927 1498 succensus
947 1474 1085 1507 amore,

165 1511 351 1549 Ascanius
371 1527 485 1551 curvo
505 1514 643 1551 direxit
663 1513 806 1564 spicula
824 1528 963 1552 cornu:

165 1564 249 1602 Nec
269 1566 412 1603 dextrae
432 1567 573 1604 erranti
592 1567 682 1604 deus
702 1568 819 1604 afuit:
849 1570 1007 1617 actaque
1026 1567 1149 1604 multo

166 1617 314 1667 Perque
332 1621 485 1656 uterum
504 1620 633 1657 sonitu
652 1634 790 1670 perque
809 1620 874 1657 ilia
892 1621 998 1658 venit
1018 1621 1173 1657 arundo.

166 1670 322 1709 Saucius
342 1675 382 1709 at
401 1673 612 1722 quadrupes
631 1676 724 1710 nota
742 1673 844 1710 intra
861 1675 966 1711 tecta
984 1673 1139 1723 refugit,

165 1723 428 1774 Successitque
447 1739 602 1775 gemens
622 1726 793 1772 stabulis,
814 1729 1024 1776 questuque
1043 1730 1223 1763 cruentus

164 1778 295 1826 Atque
313 1778 534 1828 imploranti
553 1779 686 1816 similis
705 1782 853 1817 tectum
872 1793 983 1817 omne
1001 1780 1181 1829 replebat.

165 1830 282 1868 Silvia
299 1831 422 1881 prima
441 1845 555 1879 soror,
574 1832 709 1882 palmis
728 1846 903 1883 percussa
920 1833 1092 1879 lacertos,

164 1884 363 1921 Auxilium
381 1888 493 1922 vocat
512 1888 551 1923 et
571 1886 683 1923 duros
703 1886 915 1923 conclamat
934 1889 1114 1936 agrestes.

166 1937 253 1983 Olli,
272 1938 390 1987 pestis
409 1938 511 1976 enim
529 1939 658 1976 tacitis
676 1941 772 1976 latet
791 1953 921 1989 aspera
939 1939 1054 1985 silvis,

165 1989 370 2040 Improvisi
388 1992 548 2029 adsunt:
578 1992 640 2030 hic
658 1994 761 2030 torre
780 1995 949 2030 armatus
969 1993 1118 2038 obusto,

165 2043 317 2094 Stipitis
336 2044 398 2082 hic
417 2045 565 2095 gravidi
582 2046 713 2083 nodis:
743 2046 843 2095 quod
862 2046 995 2095 cuique
1013 2047 1206 2096 repertum

164 2096 352 2143 Rimanti,
370 2098 493 2136 telum
511 2098 567 2136 ira
584 2099 687 2136 facit.
742 2099 865 2137 Vocat
885 2099 1038 2149 agmina
1056 2099 1260 2150 Tyrrhens,

166 2150 423 2197 Quadrifidam
445 2165 624 2201 quercum
644 2152 770 2190 cuneis
790 2155 829 2190 et
848 2153 947 2190 forte
966 2153 1105 2190 coactis

166 2203 380 2250 Scindebat‚
400 2208 510 2255 rapta
528 2206 672 2256 spirans
691 2206 858 2243 immane
877 2206 1009 2243 securi.

165 2257 221 2294 At
240 2270 339 2295 saeva
357 2272 376 2296 e
396 2259 555 2309 speculis
573 2262 725 2309 tempus
746 2260 814 2296 dea
832 2262 946 2297 nacta
962 2259 1124 2297 nocendi

165 2309 297 2348 Ardua
313 2314 418 2349 tecta
435 2312 534 2362 petit
553 2313 704 2359 stabuli,
724 2316 763 2350 et
783 2313 828 2350 de
848 2313 1013 2351 culmine
1032 2326 1181 2350 summo

166 2361 360 2402 Pastorale
379 2365 482 2403 canit
501 2366 665 2416 signum,
685 2380 875 2415 cornuque
894 2380 1050 2404 recurvo

166 2414 388 2455 Tartaream
405 2419 573 2456 intendit
591 2433 745 2457 vocem:
776 2433 850 2469 qua
867 2422 1049 2469 protenus
1070 2432 1181 2456 omne

167 2467 408 2509 Contremuit
427 2485 572 2519 nemus,
592 2475 631 2510 et
651 2473 755 2510 silvae
772 2473 972 2510 intonuere
990 2473 1198 2522 proffindae,

166 2521 302 2560 Audiit
321 2526 360 2561 et
379 2525 519 2562 Triviae
536 2526 649 2576 longe
668 2526 794 2572 lacus;
823 2526 944 2563 audiit
963 2526 1084 2563 amnis

167 2573 340 2615 Sulfurea
357 2578 440 2616 Nar
459 2579 565 2617 albus
585 2593 682 2629 aqua
699 2579 898 2630 fontesque
917 2579 1066 2622 Velini;

1362 82 1440 119 263
