1705 2744
710 104 951 131 GEOBGICON
977 105 1061 131 LIB.
1082 106 1111 132 Ι.

248 220 250 223 -
277 201 401 248 Quam
420 199 557 247 Cereri,
576 201 682 238 torta
698 200 899 238 redimitus
917 202 1092 251 tempora
1111 215 1262 252 quercu,

277 255 357 293 Det
377 257 504 292 motus
522 254 794 304 incompositos
814 256 854 292 et
873 255 1041 292 carmina
1059 255 1172 293 dicat.

330 309 460 359 Atque
478 308 557 345 haec
576 310 621 345 ut
641 308 753 345 certis
767 308 954 358 possimus
975 308 1116 346 discere
1136 309 1266 360 signis,

278 362 498 412 AEstusque‚
517 361 750 412 pluviasque,
770 364 809 399 et
829 364 985 413 agentes
1004 362 1146 413 frigora
1163 366 1321 402 ventos:

278 415 367 466 Ipse
388 415 504 453 Pater
522 415 673 462 statuit,
694 415 785 466 quid
803 418 1000 454 menstrua
1019 416 1130 454 Luna
1149 420 1343 464 moneret;

278 470 363 516 Quo
384 469 492 520 signo
513 469 690 507 caderent
709 470 852 516 austri3
881 470 972 520 quid
992 484 1087 521 saepe
1106 471 1279 509 videntes

277 523 470 574 Agricolae
490 523 642 573 propius
662 523 821 561 stabulis
842 526 1014 562 armenta
1032 527 1218 562 tenerent.

280 576 485 623 Continuo,
506 577 629 614 ventis
649 577 906 627 surgentibus,
927 580 994 615 aut
1013 578 1111 615 freta
1128 578 1239 628 ponti

280 630 480 681 Incipiunt
500 630 646 680 agitata
665 634 887 678 tumescere,
907 634 946 669 et
966 632 1092 669 aridus
1112 632 1199 669 altis

281 684 484 722 Montibus
504 684 626 721 audiri
644 684 793 735 fragon
822 688 889 722 aut
907 685 1125 723 resonantia
1142 685 1255 736 longe

282 737 417 775 Litora
435 737 595 784 misceri,
615 740 654 775 et
672 752 870 776 nemorum
889 739 1159 777 increbrescere
1178 753 1362 777 murmur.

283 791 310 828 J
313 805 374 829 am
394 791 465 829 sibi
483 794 570 829 tum
588 792 712 829 curvis
731 792 827 829 male
848 795 1037 843 temperat
1056 793 1158 830 unda
1177 794 1323 841 carinis,

284 846 413 892 Quum
431 845 555 883 medio
576 845 711 883 celeres
730 846 902 883 revolant
922 860 966 884 ex
988 860 1138 897 aequore
1157 847 1290 897 mergi,

284 899 572 949 Clamoremque
591 899 719 936 ferunt
739 899 786 936 ad
804 899 940 946 litor-213
969 914 1160 950 quumque
1179 901 1336 939 marinae

284 953 335 990 In
353 953 450 990 sicco
470 952 609 990 ludunt
628 952 765 998 fulicae,
786 956 971 1003 notasque
990 955 1144 1004 paludes

284 1006 449 1052 Deserit,
470 1008 584 1056 atque
603 1006 721 1043 altam
741 1021 854 1057 supra
872 1007 976 1044 volat
996 1007 1108 1045 ardea
1127 1009 1280 1046 nubem.

285 1060 391 1110 Saepe
410 1060 527 1097 etiam
545 1059 685 1105 stellas,
704 1064 820 1098 vento
840 1061 1095 1111 impendente,
1115 1062 1260 1100 videbis

285 1113 507 1163 Praecipites
527 1113 619 1151 coelo
638 1114 726 1160 labi,
745 1115 943 1165 noctisque
962 1128 1029 1165 per
1047 1116 1223 1153 umbram

284 1167 545 1204 Flammarum
564 1167 699 1218 longos
719 1182 741 1205 a
758 1171 869 1218 tergo
888 1169 1074 1206 albescere
1092 1172 1262 1216 tractus3

285 1222 389 1272 Saepe
408 1221 529 1259 levem
547 1221 694 1271 paleam
713 1224 752 1259 et
772 1222 921 1260 frondes
940 1223 1099 1260 volitare
1118 1223 1289 1270 caducas,

286 1276 368 1312 Aut
387 1289 536 1312 summa
553 1278 689 1312 nantes
710 1275 747 1312 in
768 1289 866 1326 aqua
883 1276 1070 1314 colludere
1089 1277 1249 1326 plumas.

286 1330 341 1366 At
361 1329 495 1367 Borcae
517 1329 562 1366 de
579 1332 687 1379 parte
706 1330 824 1367 trucis
845 1343 962 1380 quum
982 1330 1172 1377 fulminat,
1192 1334 1232 1368 et
1251 1345 1369 1381 quum

286 1383 455 1433 Eurique
475 1383 712 1433 Zephyrique
731 1386 843 1420 tonat
863 1383 1018 1421 domus:
1049 1384 1177 1422 omnia
1194 1385 1314 1435 plenis

287 1436 394 1474 Rura
411 1439 548 1474 natant
567 1437 687 1483 fossis,
707 1439 822 1487 atquc
841 1437 965 1475 omnis
984 1438 1116 1475 navita
1134 1441 1253 1488 ponto

288 1490 463 1528 Humida
480 1490 564 1528 vela
581 1490 688 1541 legit.
744 1491 955 1541 Nunquam
975 1492 1281 1541 imprudentibus
1300 1492 1421 1529 imber

289 1544 434 1582 Obfuit.
490 1545 572 1582 Aut
590 1544 698 1581 illum
718 1549 938 1595 surgentem
957 1545 1119 1583 vallibus
1139 1546 1225 1583 imis

289 1598 417 1635 Aeriae
438 1598 567 1648 fugere
586 1612 698 1648 grues
714 1615 721 1643 ;
750 1601 817 1635 aut
835 1599 974 1636 bucula
993 1599 1131 1636 coelum

291 1651 505 1701 Suspiciens
524 1652 663 1702 patulis
683 1652 852 1702 captavit
871 1653 1025 1690 naribus
1045 1666 1176 1699 auras3

290 1706 374 1742 Aut
393 1708 529 1755 arguta
546 1705 648 1742 lacus
668 1706 987 1743 circumvolitavit
1006 1706 1192 1752 hirundo;

291 1759 347 1795 Et
366 1761 532 1796 veterem
550 1758 591 1796 in
608 1759 699 1796 limo
718 1772 821 1796 ranae
841 1760 1006 1797 cecinere
1025 1759 1227 1810 querelam.

291 1812 439 1862 Saepius
459 1815 498 1850 et
516 1812 629 1850 tectis
648 1813 903 1863 penetralibus
923 1813 1062 1851 extulit
1082 1827 1152 1851 ova

291 1867 517 1916 Angustum
534 1866 692 1904 formica
709 1869 835 1904 terens
853 1866 950 1913 iter3
978 1870 1017 1904 et
1035 1867 1134 1904 bibit
1153 1867 1288 1917 ingens

289 1920 436 1966 Arcus3
465 1922 504 1957 et
524 1933 543 1957 e
561 1922 675 1970 pastu
694 1920 875 1958 decedens
895 1921 1045 1971 agmine
1064 1934 1204 1972 magno

291 1973 502 2011 corvorum
520 1974 708 2024 increpuit
728 1974 852 2012 densis
872 1975 1057 2012 exercitus
1076 1974 1157 2012 alis.

291 2027 320 2064 J
322 2041 384 2064 am
402 2027 524 2065 varias
542 2027 668 2078 pelagi
686 2028 868 2075 volucres,
887 2032 927 2066 et
946 2041 1031 2079 quae
1050 2028 1143 2066 Asia
1161 2029 1303 2066 circum

291 2080 480 2119 Dulcibus
499 2081 539 2118 in
559 2081 705 2132 stagnis
724 2082 913 2119 rimantur
931 2085 1041 2132 prata
1060 2082 1225 2133 Caystri,

292 2134 482 2173 Certatim
500 2135 626 2186 largos
646 2135 815 2173 humeris
833 2136 1031 2174 infundere
1049 2149 1163 2183 rores,

291 2188 408 2227 Nunc
428 2191 542 2239 caput
562 2189 750 2240 objectare
769 2189 888 2236 fretis,
909 2204 1010 2228 nunc
1029 2204 1177 2228 currere
1196 2190 1237 2227 in
1255 2189 1387 2237 undas,

292 2242 349 2280 Et
368 2243 495 2281 studio
513 2242 704 2281 incassum
722 2243 850 2281 videas
868 2244 1009 2295 gestire
1027 2244 1191 2281 lavandi.

293 2296 394 2334 Tum
413 2297 543 2334 cornix
560 2297 672 2347 plena
689 2297 857 2347 pluviam
875 2301 987 2336 vocat
1005 2298 1179 2348 improba
1195 2311 1298 2344 voce,

293 2350 350 2388 Et
369 2350 448 2388 sola
465 2350 506 2388 in
525 2350 623 2389 sicca
642 2364 769 2389 secum
790 2351 979 2402 spatiatur
997 2365 1121 2389 arena.

293 2403 356 2442 Ne
374 2406 562 2442 nocturna
580 2405 734 2455 quidem
753 2408 949 2456 carpentes
967 2419 1085 2456 pensa
1101 2405 1238 2456 puellae

293 2457 498 2496 Nescivere
515 2458 692 2505 hiemem,
712 2461 815 2497 testa
833 2473 951 2510 quum
970 2460 1126 2497 ardente
1143 2459 1317 2496 viderent

296 2510 509 2549 Scintillare
529 2512 654 2550 oleum
673 2515 712 2550 et
730 2515 863 2563 putres
883 2526 1118 2551 concrescere
1137 2513 1288 2563 fungos.

348 2564 433 2603 Nec
451 2565 577 2603 minus
595 2579 641 2603 ex
658 2566 772 2604 imbri
791 2567 887 2604 soles
907 2569 946 2604 et
965 2569 1096 2617 aperta
1113 2580 1244 2604 serena

297 2616 516 2670 Prospicere
536 2622 575 2658 et
595 2620 707 2658 certis
726 2620 870 2671 poteris
890 2634 1115 2673 cognoscere
1134 2620 1275 2671 signis:

1494 99 1546 138 41
