1705 2744
626 115 868 144 enouemox
886 115 969 141 Lm.
990 114 1038 140 Π.
1411 104 1462 140 51

196 219 296 256 Haec
314 217 396 254 loca
413 228 490 253 non
507 212 609 252 tauri
627 212 812 263 spirantes
829 210 982 248 naribus
1001 208 1131 259 ignem

197 272 404 316 Invertere,
425 268 517 306 satis
535 265 712 305 immanis
731 264 908 302 dentibus
926 263 1041 314 hydri
1056 279 1065 309 3

195 325 279 362 Nec
298 324 415 374 galeis
434 321 631 371 densisque
650 319 776 356 virum
794 331 899 368 seges
917 315 1068 354 horruit
1086 314 1206 352 hastis
1224 331 1231 352 :

195 378 271 416 Sed
288 377 452 428 gravidae
470 376 596 425 fruges
615 375 654 411 et
673 371 818 410 Bacchi
836 370 1024 408 Massicus
1042 369 1180 406 humor

196 431 428 482 Implevere3
454 430 589 466 tenent
608 427 700 464 oleae
720 427 964 474 armentaque
981 424 1084 461 laeta.

196 485 302 522 Hinc
320 484 479 521 bellator
497 495 614 532 equus
634 493 767 530 campo
786 492 866 516 sese
885 478 1024 515 arduus
1042 476 1181 521 infert3

195 538 300 576 Hinc
320 538 405 584 albi,
426 536 629 579 Clitumne,
649 546 794 584 greges,
813 534 852 570 et
870 531 1036 569 maxima
1052 532 1186 567 taurus

194 591 374 637 Victima,
394 603 494 640 saepe
512 592 581 627 tuo
600 587 741 639 perfusi
758 585 913 623 flumine
933 597 1047 631 sacro,

193 1872 387 1910 Romanos
406 1872 454 1910 ad
471 1872 615 1923 templa
633 1872 745 1910 deum
765 1871 903 1909 duxere
921 1870 1149 1921 triumphos.

192 1925 271 1964 Hic
289 1939 356 1963 ver
374 1926 578 1972 assiduum,
598 1928 711 1976 atque
731 1925 860 1964 alienis
880 1925 1071 1962 mensibus
1093 1927 1227 1970 aestas;

191 1978 260 2017 Bis
279 1980 447 2030 gravidae
466 1980 638 2030 pecudes,
658 1980 715 2017 bis
734 1979 856 2029 pomis
870 1979 976 2016 utilis
995 1979 1115 2016 arbos.

190 2032 248 2070 At
265 2033 406 2071 rabidae
424 2033 543 2084 tigres
563 2033 701 2070 absunt
721 2036 759 2071 et
779 2046 878 2070 saeva
895 2032 1048 2070 leonum

191 2085 364 2134 Semina3
392 2100 461 2125 nee
480 2087 635 2125 miseros
654 2087 793 2124 fallunt
813 2086 962 2124 aconita
980 2086 1149 2137 legentes
1170 2102 1178 2132 ;

189 2139 274 2178 Nec
291 2140 391 2191 rapit
409 2140 613 2178 immensos
632 2140 739 2178 orbes
757 2154 824 2191 per
841 2140 1015 2186 humum,
1034 2153 1154 2190 neque
1173 2140 1284 2177 tanto

190 2193 397 2244 Squameus
415 2194 455 2231 in
475 2194 614 2245 spiram
632 2196 762 2232 tractu
780 2208 819 2232 se
839 2194 985 2244 colh'git
1003 2193 1150 2244 anguis.

190 2247 300 2285 Adde
317 2250 380 2286 tot
398 2248 567 2298 egregias
585 2248 708 2294 urbes,
729 2261 958 2298 operumque
976 2247 1155 2294 laborem,

192 2299 269 2338 Tot
287 2304 466 2352 congesta
484 2315 600 2339 manu
617 2302 822 2352 praeruptis
841 2301 978 2352 oppida
997 2300 1107 2347 saxis,

192 2352 443 2406 Fluminaque
462 2355 638 2406 antiquos
657 2355 955 2393 subterlabentia
972 2368 1113 2392 muros.

191 2407 255 2444 An
272 2421 385 2455 mare,
404 2408 504 2459 quod
523 2422 646 2459 supra,
664 2423 882 2456 memorem,
902 2408 1076 2459 quodque
1095 2407 1206 2446 alluit
1223 2405 1354 2446 infra?

191 2460 302 2498 Anne
319 2461 422 2500 lacus
439 2464 569 2500 tantos
584 2462 601 2501 ?
629 2465 681 2509 te,
700 2463 792 2501 Lari
809 2463 985 2509 maxime,
1004 2465 1130 2512 teque,

26 2565 27 2571 ἵ
193 2513 392 2552 Fluctibus
411 2518 450 2554 et
468 2516 625 2554 fremitu
643 2530 854 2567 assurgens,
873 2516 1036 2562 Benace,
1054 2514 1234 2553 marino?

26 2575 27 2623 ᾗ
192 2567 255 2604 An
273 2581 478 2607 memorem
501 2572 646 2620 portus,
665 2570 906 2620 Lucrinoque
924 2569 1056 2607 addita
1073 2569 1249 2616 claustra,

192 2619 320 2671 Atque
337 2622 579 2674 indignatum
596 2624 746 2675 magnis
765 2623 990 2662 stridoribus
1008 2636 1147 2674 aequor,
