1705 2744
594 75 784 102 AENEIDOS
803 74 887 101 LIB.
906 74 983 101 VII.

154 170 319 210 Stabant
336 172 397 208 ter
414 171 569 209 eentum
588 170 702 208 nitidi
719 169 760 207 in
773 170 1003 221 praesepibus
1022 169 1109 207 altis
1124 186 1132 207 z

155 225 342 263 Omnibus
362 223 552 274 extemplo
571 223 725 262 Teucris
738 223 851 273 jubet
870 223 1000 261 ordine
1019 223 1106 260 duci

153 278 347 316 Instratos
367 279 470 314 ostro
489 277 651 328 alipedes
669 276 857 327 pictisque
875 276 1038 327 tapetis:

153 332 282 368 Aurea
299 330 514 381 pectoribus
534 330 697 368 demissa
714 330 870 367 monilia
887 330 1078 380 pendent;

155 384 266 422 Tecti
284 397 386 429 auro,
406 383 554 421 fulvum
572 383 762 421 mandunt
781 383 851 420 sub
870 383 1049 421 dentibus
1069 395 1202 420 aurum
1218 398 1226 427 ;

154 437 319 475 Absenti
337 437 470 474 AEneae
488 450 641 474 currum
659 436 906 487 geminosque
918 436 1068 487 jugales

155 490 307 528 Semine
326 490 372 527 ab
392 490 549 528 aetherio
569 490 755 540 spirantes
774 490 928 527 naribus
946 489 1088 540 ignem,

155 543 317 582 luorum
335 543 381 580 de
399 545 525 594 gente,
544 543 644 594 patri
663 557 756 594 quos
775 543 920 581 daedala
938 543 1045 580 Circe

157 596 362 647 Supposita
380 596 425 634 de
443 599 567 634 matre
585 597 725 634 nothos
743 597 870 634 furata
887 596 1041 634 creavit.

156 650 312 688 Talibus
331 649 513 687 AEneadae
537 650 644 688 donis
663 650 849 700 dictisque
869 649 1000 687 Latini

157 703 345 741 Sublimes
363 703 404 740 in
422 703 527 753 equis
546 703 717 749 redeunt,
736 717 941 753 pacemque
959 704 1168 753 reportant.

209 757 310 794 Eece
329 758 459 794 autem
477 756 644 794 Inachiis
663 770 742 794 sese
760 757 944 794 referebat
964 756 1011 793 ab
1030 755 1146 805 Argis

156 809 266 847 Saeva
283 809 312 846 J
314 809 394 847 ovis
414 810 562 860 conjux,
582 823 764 859 aurasque
781 810 932 847 invecta
949 809 1127 853 tenebat;

155 863 212 900 Et
229 862 363 900 laetum
382 863 545 900 AEneam
563 863 792 912 classemque
811 877 856 901 ex
875 863 1016 900 aethere
1033 863 1148 911 longo

154 916 389 954 Dardaniam
408 916 533 954 Siculo
551 917 745 966 prospexit
764 917 811 954 ab
829 930 947 965 usque
967 916 1162 966 Pachyno.

154 969 288 1007 Moliri
300 969 383 1020 jam
401 971 506 1007 tecta
522 970 639 1016 videt,
653 970 734 1020 jam
752 970 866 1007 fidere
884 973 1018 1015 terrae3

154 1022 375 1060 Deseruisse
393 1025 506 1060 rates.
561 1023 681 1061 Stetit
700 1023 777 1061 acri
794 1023 869 1061 fixa
886 1023 1025 1060 dolore.

155 1076 257 1113 Tum
277 1089 457 1126 quassans
477 1079 602 1127 eaput,
621 1076 702 1114 haee
722 1077 884 1114 effundit
903 1078 1055 1126 pectore
1075 1073 1198 1111 dieta:

156 1132 178 1148 “
194 1129 286 1167 Heu
305 1129 463 1179 stirpem
482 1130 654 1176 invisam,
674 1133 714 1167 et
732 1130 821 1167 fatis
840 1129 1029 1167 contraria
1046 1127 1187 1165 nostris

155 1182 256 1220 Fata
275 1182 499 1234 Phrygum!
528 1197 622 1221 num
642 1183 766 1234 Sigeis
785 1183 1007 1221 occumbere
1027 1180 1182 1231 campis,

154 2131 263 2169 Num
282 2131 384 2182 eapti
402 2134 559 2182 potuere
580 2131 694 2181 capi?
722 2145 816 2168 num
834 2131 987 2169 incensa
1005 2134 1187 2172 cremavit

155 2184 270 2235 Troja
287 2185 386 2223 viros
402 2185 419 2223 ’.Ρ
448 2185 590 2222 medias
610 2184 707 2222 acies
726 2185 944 2235 mediosque
965 2199 1032 2236 per
1049 2186 1157 2236 ignes

156 2237 341 2276 Invenere
359 2239 472 2276 viam.
527 2239 595 2285 At,
615 2238 737 2285 credo,
756 2252 841 2276 mea
858 2239 1018 2276 numina
1035 2241 1191 2278 tandem

157 2290 273 2328 Fessa
285 2292 426 2342 jacent,
447 2291 541 2329 odiis
561 2294 628 2330 aut
648 2293 867 2329 exsaturata
885 2292 1065 2342 quievi—

158 2343 258 2390 Quin
277 2345 394 2382 etiam
411 2345 536 2395 patria
554 2358 729 2383 excussos
747 2345 887 2382 infesta
904 2359 971 2396 per
989 2346 1109 2383 undas

157 2397 263 2434 Ausa
280 2399 396 2448 sequi,
417 2401 455 2436 et
474 2398 645 2449 profugis
663 2401 749 2436 toto
769 2412 830 2436 me
849 2412 1036 2449 opponere
1054 2401 1196 2449 ponto:

157 2449 355 2488 Absumtae
374 2451 415 2488 in
434 2452 598 2489 Teucros
617 2451 714 2489 vires
734 2452 893 2502 coelique
912 2452 1112 2502 marisque.

159 2502 260 2548 Quid
279 2503 421 2554 Syrtes,
441 2507 508 2542 aut
529 2505 654 2556 Scylla
672 2505 779 2550 mihi,
799 2505 891 2555 quid
908 2508 1019 2543 vasta
1037 2505 1250 2558 Charybdis

159 2554 310 2594 Profuit
325 2556 342 2595 Ρ
371 2559 504 2608 optato
523 2558 740 2596 conduntur
758 2558 966 2609 Thybridis
988 2559 1105 2607 alveo,

780 2622 800 2649 S

1347 65 1370 101 2

1401 63 1424 102 7
