1705 2744
640 107 830 134 AENEEDOS
849 108 932 134 LIB.
952 107 1020 133 ΙΠ.

197 203 286 254 Ipse
305 203 405 241 diem
423 203 650 252 noctemque
667 203 785 252 negat
805 202 1013 240 discernere
1033 202 1139 249 coelo,

195 257 280 295 Nec
298 256 514 294 meminisse
531 255 601 291 viae
619 255 744 292 media
762 255 966 292 Palinurus
985 255 1026 292 in
1043 256 1157 293 unda.

196 310 290 348 Tres
309 311 400 348 adeo
419 309 582 346 incertos
602 321 700 346 caeca
718 309 877 359 caligine
897 309 991 346 soles

196 364 380 401 Erramus
399 362 543 413 pelago,
562 361 727 399 totidem
745 362 825 399 sine
845 362 964 400 sidere
983 363 1126 399 noctes.

197 417 342 463 Quarto
361 419 463 454 terra
481 415 540 452 die
558 415 724 465 primum
744 429 782 453 se
801 416 974 453 attollere
992 415 1148 452 tandem

195 470 299 517 Visa,
319 470 461 520 aperire
478 468 609 518 procul
627 471 789 515 montes,
810 482 851 506 ac
870 469 1019 506 volvere
1037 469 1198 506 fumum.

195 523 292 561 Vela
310 523 472 568 cadunt3
500 522 611 559 remis
630 521 885 572 insurgimus3
913 523 1016 560 haud
1034 535 1150 568 mora,
1169 525 1295 560 nautae

195 577 339 614 Adnixi
356 577 538 626 torquent
557 588 719 625 spumas,
739 578 778 613 et
797 575 938 613 caerula
955 578 1124 613 verrunt.

196 630 399 667 Servatum
418 643 463 667 ex
482 629 592 666 undis
613 629 870 678 Strophadum
889 643 950 666 me
968 629 1082 666 litora
1099 628 1268 679 primum

195 683 413 733 Accipiunt,
434 682 666 732 Strophades
686 682 801 720 Graio
821 685 927 720 stant
945 682 1098 720 nomine
1117 682 1227 720 dictae

195 736 340 774 Insulae
362 736 471 774 Ionio
490 736 531 772 in
549 749 700 785 magno,
721 749 812 785 quas
832 736 913 773 dira
933 735 1081 773 Celaeno

194 789 455 840 Harpyiaeque
474 789 605 827 colunt
625 789 716 834 aliae,
737 789 898 826 Phineia
915 792 1119 839 postquam

195 842 334 880 Clausa
352 843 498 889 domus,
519 855 740 892 mensasque
758 844 866 880 metu
884 843 1026 893 liquere
1045 842 1198 893 priores,

195 895 360 934 Tristius
378 896 482 933 haud
499 895 574 932 fflis
592 899 819 942 monstrum,
839 910 907 934 nec
927 897 1064 934 saevior
1083 896 1161 933 ulla.

194 948 320 987 Pestis
341 952 379 988 et
398 949 454 987 ira
472 949 586 987 deum
605 949 752 1000 Stygiis
772 963 850 987 sese
870 950 1008 987 extulit
1027 949 1149 987 undjs.

191 1846 367 1897 Virginei
385 1847 583 1885 volucrum
601 1849 744 1897 vult-us,
765 1852 974 1890 foedissima
991 1852 1136 1890 ventris

192 1899 400 1947 Pmluvies,
420 1915 601 1952 uncaeque
622 1917 769 1952 manus,
791 1908 830 1943 et
849 1907 989 1957 pallida
1007 1919 1154 1957 semper

194 1953 270 1991 Ora
288 1954 398 1991 fame.

243 2010 264 2026 ‘⁶
279 2007 369 2044 Huc
389 2008 453 2045 ubi
474 2008 590 2046 delati
608 2013 743 2060 portus
763 2011 1004 2058 intravimus,
1025 2026 1109 2050 ecce

190 2059 301 2097 Laeta
318 2061 434 2098 boum
453 2063 593 2112 passim
613 2065 754 2114 campis
775 2068 948 2104 armenta
965 2066 1138 2103 videmus

190 2113 518 2166 Caprigenumque
537 2130 661 2166 pecus,
680 2118 785 2155 nullo
805 2120 973 2166 custode,
993 2133 1060 2170 per
1078 2119 1225 2157 herbas.

190 2166 377 2205 Irruimus
396 2169 506 2215 ferro,
526 2172 565 2207 et
585 2170 690 2208 divos
709 2171 910 2222 ipsumque
928 2187 1109 2211 vocamus

190 2219 240 2257 In
258 2224 406 2270 partem
423 2223 664 2274 praedamque
684 2225 711 2262 J
714 2238 834 2263 ovem.
891 2226 993 2264 Tum
1012 2227 1124 2264 litore
1143 2240 1258 2265 curvo

190 2272 509 2326 Exstruimusque
527 2279 643 2323 toros,
664 2278 896 2329 dapibusque
916 2281 1114 2330 epulamur
1134 2280 1281 2330 opimis.

190 2327 245 2364 At
264 2328 402 2366 subitae
422 2329 598 2368 horrifico
616 2331 726 2382 lapsu
745 2332 790 2370 de
809 2334 1005 2371 montibus
1026 2334 1167 2371 adsunt

190 2379 387 2440 Harpyiae,
407 2385 445 2420 et
464 2384 612 2435 magnis
632 2386 811 2436 quatiunt
831 2387 1070 2438 clangoribus
1091 2387 1180 2433 alas,

190 2431 460 2485 Dlripiuntque
479 2437 604 2488 dapeS,
624 2442 877 2490 contactuque
897 2441 1025 2478 omnia
1042 2441 1189 2479 foedant

190 2485 395 2526 Immundo
410 2506 418 2535 ;
445 2491 531 2527 tum
549 2505 623 2529 vox
641 2495 789 2530 tetrum
807 2494 888 2531 dira
906 2494 1008 2532 inter
1028 2495 1193 2533 odorem.

189 2538 359 2578 Rursum
377 2541 418 2579 in
436 2557 583 2582 secessu
599 2545 714 2596 longo
734 2547 804 2584 sub
822 2561 915 2597 rupe
935 2550 1080 2594 cavata,

190 2592 400 2633 Arboribus
420 2597 538 2635 clausi
557 2598 700 2636 circum
719 2602 833 2650 atque
851 2600 1097 2639 horrentibus
1115 2601 1272 2647 umbri87

1391 99 1467 136 153
