1674 2775
279 109 358 146 290
676 120 710 145 P.
731 119 917 146 VIRGILII
937 120 1126 147 MARoms

279 213 334 250 Et
353 213 517 263 primum
537 213 734 251 Herculeis
753 213 894 263 sopitas
913 214 1065 264 ignibus
1084 228 1166 252 aras

279 266 447 312 Excitat,
466 266 758 316 hesternumque
779 266 915 304 Larem
932 281 1140 317 parvosque
1157 270 1312 318 penates

280 319 408 356 Laetus
427 319 507 356 adit
522 336 529 365 ;
557 322 726 357 mactant
744 319 861 357 lectas
881 320 926 358 de
944 334 1047 358 more
1065 321 1237 358 bidentes

280 372 480 409 Evandrus
498 373 648 422 pariter,
667 373 807 422 pariter
826 373 987 423 Trojana
999 373 1193 423 juventus.

280 424 375 461 Post
393 425 481 463 hinc
501 425 548 462 ad
566 438 679 462 naves
697 426 880 476 graditur,
900 426 1090 475 sociosque
1109 426 1260 464 revisit:

280 477 449 524 Quorum
468 478 513 515 de
532 492 698 524 numero,
718 478 782 528 qui
800 492 878 516 sese
896 479 935 516 in
953 479 1052 516 bella
1069 482 1284 528 sequantur,

281 530 511 568 Praestantcs
525 532 668 568 virtute
686 531 780 582 legit
795 548 802 578 3
829 545 914 582 pars
933 534 1057 569 cetera
1075 545 1193 582 prona

281 583 420 621 Fertur
439 597 545 634 aqua,
560 585 757 634 segnisque
776 585 938 622 secundo
957 585 1088 622 defluit
1107 585 1222 630 amni,

279 636 321 673 N
323 637 433 674 uncia
450 640 610 674 ventura
628 637 790 675 Ascanio
809 651 1006 687 rerumque
1024 638 1227 687 patrisque.

281 689 434 726 Dantur
453 690 538 740 equi
558 690 711 728 Teucris
730 690 928 741 Tyrrhena
944 691 1161 740 petentibus
1181 704 1290 728 arva:

281 741 441 780 Ducunt
460 745 646 780 exsortem
665 743 805 789 AEneae,
825 757 936 793 quem
956 743 1059 780 fulva
1075 743 1193 780 leonis

282 795 397 833 Pellis
417 796 498 833 obit
516 798 656 841 totum,
674 796 898 846 praefulgens
917 797 1106 846 unguibus
1126 796 1257 834 aureis.

335 848 455 885 Fama
472 849 575 886 volat
594 863 747 899 parvam
767 850 892 887 subito
910 850 1067 899 vulgata
1084 863 1150 899 per
1168 850 1311 895 urbem,

282 901 396 939 Ocius
415 902 468 938 ire
487 902 631 952 equites
651 902 838 952 Tyrrheni
857 903 905 940 ad
922 903 1053 939 limina
1070 902 1181 952 regis.

282 954 385 992 Vota
402 957 509 992 metu
527 955 720 1005 duplicant
739 958 892 1002 matres,
911 955 1137 1005 propiusque
1155 955 1294 1005 periclo

283 1007 325 1044 It
343 1007 471 1054 timor,
491 1011 529 1045 et
548 1008 667 1058 major
686 1009 825 1046 Martis
839 1008 919 1058 jam
939 1012 1093 1058 apparet
1112 1008 1250 1058 imago.

284 1060 384 1097 Tum
402 1063 510 1110 pater
528 1062 739 1108 Evandrus,
759 1062 931 1099 dextram
949 1061 1163 1111 complexus
1183 1061 1320 1107 euntis,

284 1113 428 1159 Haeret,
447 1114 679 1164 inexpletum
697 1115 908 1160 lacrimans,
929 1128 970 1152 ac
989 1115 1083 1151 talia
1101 1114 1227 1151 fatur:

286 1170 307 1186 “
321 1166 353 1203 O
374 1167 468 1203 mihi
487 1167 700 1217 praeteritos
714 1168 850 1205 referat
870 1168 901 1204 si
921 1167 1077 1217 Jupiter
1096 1167 1234 1204 annos!

286 1219 415 1265 Qualis
435 1233 548 1266 eram,
564 1234 681 1269 quum
699 1221 861 1270 primam
880 1221 1000 1258 aciem
1021 1220 1214 1257 Praeneste
1232 1219 1302 1258 sub
1321 1220 1403 1270 ipsa

284 1272 410 1309 Stravi
429 1276 696 1323 scutorumque
714 1274 863 1311 incendi
881 1273 1003 1310 victor
1022 1286 1182 1318 acervos,

284 1325 340 1362 Et
359 1339 487 1376 regem
505 1326 575 1363 hac
597 1327 774 1363 Herilum
794 1327 926 1364 dextra
945 1326 1014 1362 sub
1034 1326 1193 1362 Tartara
1211 1325 1317 1362 misi:

284 1378 469 1416 Nascenti
488 1379 548 1416 cui
566 1381 643 1417 tres
657 1380 800 1416 animas
820 1379 981 1417 Feronia
999 1380 1130 1423 mater,

284 1431 531 1469 Horrendum
550 1432 666 1478 dictu,
685 1433 849 1478 dederat,
867 1435 976 1469 terna
994 1445 1097 1468 arma
1114 1430 1321 1475 movenda3

285 1484 360 1521 Ter
378 1484 454 1522 leto
473 1485 695 1523 sternendus
715 1488 816 1531 erat3
845 1485 904 1522 cui
922 1487 1014 1521 tunc
1033 1486 1161 1521 tamen
1181 1496 1310 1520 omnes

286 1537 461 1574 Abstulit
478 1537 558 1575 haec
577 1538 720 1575 animas
740 1538 881 1583 dextra,
900 1540 939 1575 et
957 1537 1120 1574 totidem
1139 1536 1243 1573 exuit
1262 1535 1386 1573 armis.

286 1590 378 1626 Non
397 1604 466 1640 ego
486 1604 585 1628 nunc
605 1591 705 1628 dulci
724 1590 897 1640 amplexu
916 1590 1108 1627 divellerer
1125 1602 1284 1638 usquam

286 1643 401 1689 Nate,
420 1647 510 1689 tuo3
538 1657 658 1693 neque
679 1644 861 1681 finitimus
880 1643 1095 1680 Mezentius
1113 1655 1272 1691 usquam

287 1695 391 1733 Huic
411 1697 526 1746 capiti
543 1697 741 1743 insultans,
759 1699 821 1734 tot
840 1696 937 1733 ferro
956 1709 1058 1732 saeva
1075 1695 1238 1732 dedisset

287 1748 449 1796 Funera,
468 1752 549 1787 tam
567 1750 699 1787 multis
717 1750 908 1787 viduasset
927 1748 1070 1786 civibus
1089 1748 1233 1784 urbem.

287 1802 342 1839 At
362 1816 439 1849 vos,
459 1815 481 1840 o
499 1803 635 1853 superi,
655 1805 693 1840 et
712 1803 842 1840 divum
859 1804 906 1839 tu
924 1802 1084 1839 maxime
1102 1804 1225 1838 rector

293 2382 457 2432 Jupiter,
477 2381 639 2427 Arcadii,
659 2393 794 2432 quaeso,
813 2378 1039 2416 miserescite
1057 2377 1168 2427 regis,

293 2436 349 2473 Et
367 2435 507 2485 patrias
527 2435 654 2472 audite
672 2447 819 2485 preces:
849 2431 889 2469 Si
907 2431 1064 2468 numina
1081 2432 1208 2467 vestra

293 2488 529 2526 Incolumem
548 2488 710 2525 Palanta
726 2486 832 2532 mihi,
851 2485 883 2522 si
900 2484 980 2521 fata
996 2485 1201 2528 reservant,

294 2541 334 2578 Si
351 2541 498 2578 visurus
518 2553 605 2579 eum
623 2540 721 2587 vivo,
740 2542 779 2578 et
797 2540 979 2576 venturus
997 2537 1036 2574 in
1055 2549 1187 2581 unum,

293 2594 425 2632 Vitam
445 2608 531 2642 0r03
558 2594 681 2645 patiar
699 2592 869 2644 quemvis
888 2591 1020 2628 durare
1038 2590 1225 2628 iaborem:
