1674 2775
194 115 272 153 344
601 125 636 151 P.
656 123 845 151 vinoun
863 123 1052 152 MARoms

193 219 405 258 Missilibus
422 219 535 270 longe
554 220 594 257 et
612 221 721 257 vasto
739 219 901 257 clamore
918 219 1121 257 lacessunt.

193 274 360 312 Venerat
379 273 545 323 antiquis
565 272 728 323 Corythi
747 273 792 310 de
811 273 950 310 finibus
969 273 1108 319 Acron,

194 327 333 365 Graius
352 326 479 372 homo,
498 326 658 364 infectos
677 326 851 376 linquens
869 326 1052 376 profugus
1072 326 1292 376 hymenaeos
1308 343 1317 364 ε

194 380 313 417 Hunc
332 380 398 417 ubi
416 379 641 417 miscentem
658 379 771 430 longe
789 379 914 417 media
931 379 1085 429 agmina
1102 379 1212 426 vidit,

194 434 434 484 Purpureum
452 433 584 482 pennis
603 434 642 470 et
661 436 782 483 pactae
801 433 972 483 conjugis
992 434 1095 470 ostro
1111 449 1119 471 :

194 487 390 537 Impastus
410 486 560 523 stabula
578 486 656 523 alta
673 486 732 524 leo
752 500 819 523 ceu
838 499 935 536 saepe
953 499 1210 536 peragrans—

195 540 338 578 Suadet
357 539 459 577 enim
477 552 616 577 vesana
633 539 838 577 fames—si
856 539 954 576 forte
972 539 1147 589 fugacem

196 593 403 643 Conspexit
423 606 607 642 capream,
627 595 695 630 aut
714 595 935 643 surgentem
953 592 993 629 in
1013 606 1153 630 cornua
1171 606 1335 639 cervum,

195 646 359 693 Gaudet,
378 646 488 683 hians
507 646 682 692 immane,
703 659 903 696 comasque
922 645 1072 692 arrexit,
1093 648 1132 683 et
1151 646 1271 683 haeret

195 700 412 738 Visceribus
431 713 542 750 super
560 699 783 737 incumbens
798 716 806 746 ;
834 699 929 736 lavit
947 699 1120 749 improba
1137 701 1238 737 teter

196 753 273 791 Ora
291 767 401 791 cruor
416 769 424 791 :

196 807 257 844 Sic
276 807 355 844 ruit
373 807 414 844 in
433 806 568 844 densos
587 806 707 844 alacer
726 805 944 843 Mezentius
963 805 1106 843 hostes.

196 860 390 898 Sternitur
408 859 539 897 infelix
556 860 697 906 Acron,
717 862 756 897 et
775 859 938 897 calcibus
958 861 1082 896 atram

197 913 344 951 Tundit
362 913 524 950 humum
543 913 747 963 exspirans,
765 912 1001 961 infractaque
1019 911 1098 949 tela
1117 912 1303 949 cruentat.

197 968 327 1017 Atque
345 967 447 1005 idem
464 966 676 1017 fugientem
702 966 806 1003 haud
825 968 882 1003 est
903 966 1082 1016 dignatus
1103 965 1256 1002 Oroden

197 1021 384 1067 Sternere,
402 1033 472 1058 nec
485 1020 591 1070 jacta
608 1033 748 1058 caecum
767 1019 1026 1070 darecuspide
1045 1018 1185 1056 vulnus
1202 1035 1210 1056 :

197 1073 342 1111 Obvius
361 1074 591 1123 adversoque
609 1073 785 1120 occurrit,
805 1086 917 1123 seque
935 1072 1017 1109 viro
1035 1072 1094 1109 vir

198 1127 385 1173 Contulit,
404 1127 508 1164 haud
526 1128 630 1165 furto
649 1127 792 1173 melior,
812 1126 878 1164 sed
895 1126 1058 1163 fortibus
1077 1124 1201 1162 armis.

198 1180 300 1217 Tum
319 1194 430 1230 super
448 1180 639 1231 abjectum
657 1180 782 1230 posito
800 1180 894 1230 pede
913 1179 1023 1216 nixus
1043 1181 1082 1216 et
1101 1179 1213 1215 hasta
1229 1194 1237 1215 :

198 1234 292 1271 Pars
311 1234 400 1271 belli
418 1234 521 1271 haud
539 1234 755 1280 temnenda,
774 1233 857 1279 viri,
871 1233 973 1283 jacet
993 1232 1092 1270 altus
1113 1231 1266 1269 Orodes.

199 1286 448 1324 Conclamant
468 1287 559 1324 socii
576 1287 709 1324 laetum
728 1300 859 1336 paeana
878 1285 1009 1323 secuti.

198 1340 270 1378 Ille
290 1343 419 1378 autem
438 1340 651 1390 exspirans:
682 1343 702 1359 ‘⁴
719 1340 811 1377 Non
829 1352 902 1385 me,
922 1338 1149 1389 quicumque
1169 1351 1219 1385 es,
1238 1336 1374 1384 inulto,

198 1393 344 1440 Victor,
363 1407 433 1431 1100
451 1393 609 1444 longum
627 1393 804 1430 laetabere
821 1409 829 1430 ε
857 1394 898 1430 te
917 1405 1064 1442 quoque
1084 1392 1164 1428 fata

199 1447 452 1497 Prospectant
470 1447 586 1496 paria,
607 1449 720 1497 atque
740 1446 870 1484 eadem
889 1458 979 1482 mox
997 1458 1087 1482 arva
1104 1443 1294 1482 tenebiS.’'

198 1500 262 1537 Ad
281 1513 394 1550 quem
413 1500 609 1538 subridens
626 1500 750 1537 mixta
768 1498 984 1536 Mezentius
1003 1498 1059 1534 ira
1075 1514 1083 1535 :

199 1556 220 1572 “
234 1553 350 1591 Nunc
365 1566 520 1591 morere.
563 1554 638 1590 Ast
653 1553 699 1590 de
713 1566 774 1589 me
793 1552 925 1589 divum
942 1553 1050 1601 pater
1065 1552 1179 1600 atque
1192 1549 1392 1588 hominum
1407 1562 1471 1587 rex

199 1606 390 1644 Viderit?
447 1606 536 1644 Hoc
551 1606 678 1644 dicens
698 1605 828 1643 eduxit
848 1617 1001 1654 corpore
1019 1604 1152 1641 telum.

201 1660 279 1697 Olli
300 1660 395 1697 dura
413 1659 518 1710 quies
537 1659 664 1697 0011105
684 1662 723 1696 et
742 1659 883 1696 ferreus
902 1659 1015 1707 urget

201 1713 366 1751 Somnus
383 1729 391 1759 3
418 1713 460 1750 in
478 1715 662 1750 aeternam
682 1712 912 1750 clauduntur
930 1710 1076 1747 lumina
1093 1711 1258 1747 noctem.

200 1766 373 1804 Caedicus
393 1766 627 1804 Alcathoum
647 1766 863 1811 obtruncat,
883 1765 1058 1801 Sacrator
1076 1763 1314 1813 Hydaspen3

201 1820 529 1869 Partheniumque
548 1819 658 1870 Rapo
678 1821 718 1857 et
736 1819 955 1869 praedurum
973 1817 1116 1854 viribus
1137 1816 1258 1854 Orsen
1275 1833 1283 1854 z

201 1874 402 1923 Messapus
423 1873 675 1923 Cloniumque
694 1872 1005 1923 Lycaoniumque
1024 1870 1228 1916 Ericeten3

202 1927 320 1963 Illum
339 1926 495 1964 infrenis
515 1926 601 1976 equi
620 1926 728 1977 lapsu
746 1925 882 1963 tellure
896 1924 1100 1975 jacentem,

201 1980 321 2017 Hunc
340 1980 506 2030 peditem
525 1980 651 2030 pedes.
707 1979 763 2016 Et
782 1978 925 2029 Lycius
945 1978 1176 2028 processerat
1195 1975 1304 2027 Agis,

202 2033 326 2079 Quem
343 2036 474 2071 tamen
492 2033 596 2070 haud
614 2046 744 2083 expers
763 2032 922 2069 Valerus
942 2030 1097 2068 virtutis
1117 2029 1229 2067 avitae

203 2086 368 2136 Dejicit3
397 2089 437 2124 at
456 2085 670 2123 Thronium
690 2085 823 2132 Salius,
844 2085 1062 2134 Saliumque
1080 2082 1252 2129 Nealces,

203 2139 372 2190 Insignis
387 2139 515 2190 jaculo
535 2142 574 2177 et
592 2139 706 2189 longe
725 2139 878 2176 fallente
898 2137 1052 2188 sagitta.

257 2192 283 2229 J
287 2206 348 2229 am
367 2193 492 2243 gravis
512 2193 687 2242 aequabat
709 2192 836 2230 luctus
856 2194 895 2229 et
914 2193 1050 2228 mutua
1068 2189 1225 2226 Mavors

205 2246 358 2283 Funera
374 2263 383 2292 ;
411 2246 607 2283 caedebant
626 2245 767 2295 pariter
784 2245 999 2295 pariterque
1017 2243 1181 2280 ruebant

204 2299 379 2336 Victores
397 2299 587 2348 victique3
614 2312 735 2348 neque
754 2298 814 2335 his
833 2298 925 2348 fuga
942 2299 1046 2342 nota,
1066 2309 1187 2346 neque
1204 2294 1290 2332 illis.

204 2352 258 2390 Di
277 2352 305 2389 J
307 2352 388 2389 ovis
406 2352 446 2389 in
464 2352 578 2390 tectis
596 2352 691 2389 iram
710 2352 939 2388 miserantur
956 2350 1108 2387 inanem

203 2406 430 2452 Amborum,
450 2408 489 2443 et
507 2407 638 2443 tantos
657 2405 882 2442 mortalibus
902 2417 981 2441 esse
999 2403 1168 2448 labores3

204 2458 311 2496 Hinc
330 2459 472 2505 Venus,
491 2459 580 2496 111110
600 2461 733 2496 contra
751 2459 898 2508 spectat
918 2455 1098 2494 Saturnia
1116 2455 1144 2492 J
1146 2468 1237 2492 uno.

205 2512 353 2549 Pallida
372 2512 579 2562 Tisiphone
598 2512 723 2550 media
740 2511 841 2549 inter
859 2510 979 2548 millia
997 2509 1119 2547 saevit.

204 2566 261 2602 At
279 2579 368 2603 vero
387 2566 584 2616 ingentem
605 2565 778 2615 quatiens
798 2563 1011 2602 Mezentius
1030 2562 1183 2599 hastam

206 2618 398 2656 Turbidus
417 2619 631 2670 ingreditur
649 2631 794 2669 campo.
850 2617 974 2664 Quam
992 2628 1156 2666 magnus
1176 2613 1306 2660 Orion,

1624 1173 1639 1267 4ιι»·Μ
1623 1095 1638 1132 Α’τι
1622 1015 1638 1069 25⁹*
1627 973 1632 980 ·

1612 1710 1626 1717 ⁴*
1618 1475 1638 1682 anx-1⁴:204
1616 1422 1630 1437 'r
1620 1341 1633 1377 f*-
