1674 2775
272 120 351 161 370
681 132 716 159 P.
736 132 921 160 mmm
947 132 1136 160 MAnoms

275 228 617 277 Comprensamque
636 228 754 272 tenet,
772 227 1002 278 pedibusque
1021 228 1202 267 eviscerat
1220 230 1350 276 uncis;

275 281 375 317 Tum
395 293 502 317 eruor
521 282 559 317 et
578 280 694 317 vulsae
713 280 891 317 labuntur
910 281 956 318 ab
976 281 1115 319 aethere
1133 282 1282 332 plumae.

333 1180 387 1217 At
406 1193 481 1217 non
501 1180 581 1218 haec
600 1182 711 1219 nullis
729 1181 927 1219 hominum
946 1184 1048 1219 sator
1067 1183 1179 1230 atque
1198 1181 1352 1218 deorum

280 1233 490 1271 Observans
510 1234 625 1271 oeulis
645 1248 792 1272 summo
811 1235 914 1272 sedet
934 1235 1033 1272 altus
1053 1234 1227 1284 Olympo.

279 1286 520 1336 Tyrrhenum
538 1287 687 1337 genitor
706 1288 941 1325 Tarchonem
959 1288 999 1325 in
1017 1287 1148 1337 proelia
1166 1300 1263 1324 saeva

279 1339 457 1385 Suscitat,
478 1342 516 1377 et
535 1340 697 1377 stimulis
716 1341 818 1378 haud
836 1341 1012 1378 mollibus
1031 1339 1152 1390 injicit
1170 1339 1255 1376 iras.

278 1392 384 1442 Ergo
402 1392 502 1430 inter
521 1393 637 1430 eaedes
656 1393 898 1444 cedentiaque
917 1393 1068 1443 agmina
1087 1392 1261 1430 Tarchon

279 1445 419 1482 Fertur
438 1459 544 1495 equo,
563 1446 748 1495 variisque
766 1446 926 1496 instigat
946 1446 1097 1483 vocibus
1116 1445 1203 1490 alas,

276 1497 443 1535 Nomine
462 1512 646 1548 quemque
662 1512 812 1545 vocans,
830 1499 1050 1548 reficitque
1041 1512 1082 1535 m
1100 1498 1232 1547 proelia
1249 1497 1390 1547 pulsos

281 1551 408 1596 “Quis
427 1553 563 1597 metus,
582 1564 605 1588 0
623 1565 816 1611 nunquam
835 1551 999 1597 dolituri,
1019 1564 1040 1588 o
1059 1564 1204 1600 semper
1222 1550 1361 1588 inertes

281 1603 481 1653 Tyrrheni,
501 1618 582 1653 quae
600 1607 711 1641 tanta
729 1604 862 1641 animis
880 1604 1032 1654 ignavia
1048 1603 1176 1640 venit.
1166 1602 1184 1631 9

281 1656 441 1694 Femina
458 1657 628 1706 palantes
648 1657 739 1707 agit,
759 1660 871 1707 atque
889 1657 973 1694 11300
992 1656 1143 1706 agmina
1160 1655 1309 1694 vertit?

282 1709 365 1755 Quo
384 1710 536 1755 ferrum,
555 1710 691 1760 quidve
709 1710 788 1748 haec
806 1710 971 1760 gerimus
988 1709 1066 1747 tela
1081 1709 1189 1746 irrita
1207 1707 1379 1747 dextris?

281 1763 337 1799 At
355 1776 431 1799 non
450 1763 489 1799 in
508 1763 693 1800 Venerem
712 1776 856 1813 segnes,
875 1765 1132 1812 nocturnaque
1150 1761 1257 1808 bella,

281 1817 375 1861 Aut,
394 1815 460 1852 ubi
479 1829 593 1853 curva
610 1816 743 1854 choros
761 1816 898 1853 indixit
916 1816 1011 1853 tibia
1028 1815 1181 1861 Bacchi,

282 1868 513 1918 Exspectare
533 1869 656 1919 dapes,
675 1871 714 1906 et
732 1869 850 1919 plenae
868 1869 1001 1919 poeula
1017 1881 1156 1906 mensae
1172 1884 1180 1905 :

282 1921 360 1958 Hic
379 1935 494 1968 amor,
512 1921 584 1959 hoc
603 1922 794 1968 studium3
822 1922 913 1959 dum
931 1935 1035 1959 sacra
1052 1921 1235 1959 secundus
1253 1920 1437 1970 haruspex

283 1974 464 2020 Nunc-iet,
484 1988 526 2012 30
544 1974 647 2012 111005
666 1978 776 2013 vocet
794 1975 920 2012 hostia
936 1974 1088 2025 pinguis
1107 1974 1148 2011 in
1166 1973 1302 2011 altosss’

284 2026 379 2064 Haec
399 2028 545 2073 effatus,
564 2041 703 2077 equum
720 2029 760 2065 in
779 2028 920 2065 medios
939 2028 1144 2065 moriturus
1163 2029 1202 2064 et
1219 2026 1299 2076 ipse

283 2079 472 2126 Concitat,
492 2083 530 2117 et
549 2080 695 2118 Venulo
715 2081 912 2118 adversum
931 2094 969 2118 se
987 2080 1161 2118 turbidus
1179 2079 1305 2125 infert,

284 2132 569 2182 Dereptumque
588 2134 634 2171 ab
654 2147 749 2183 equo
769 2134 901 2171 dextra
919 2133 1184 2183 complectitur
1202 2132 1364 2177 hostem,

284 2185 339 2222 Et
358 2186 545 2235 gremium
563 2188 650 2223 ante
669 2200 779 2223 suun]
798 2187 920 2224 multa
937 2187 976 2223 vi
995 2185 1162 2224 concitus
1182 2184 1314 2222 aufert.

282 2238 444 2275 Tollitur
460 2239 500 2275 in
520 2239 656 2276 eoelum
675 2239 814 2277 clamor
830 2256 838 2285 3
866 2239 1065 2288 cunctique
1084 2237 1214 2275 Latini

285 2290 512 2329 Convertere
531 2292 668 2329 0011105.
722 2292 837 2329 Volat
855 2292 987 2342 igneus
1006 2304 1152 2341 aequore
1171 2289 1356 2334 Tarchon,

284 2344 403 2381 Arma
420 2344 617 2394 virumque
634 2345 754 2382 serens
771 2361 779 2391 ;
806 2347 892 2382 tum
910 2357 1059 2381 summa
1073 2344 1189 2394 ipsius
1209 2343 1255 2380 ab
1273 2342 1383 2380 hasta

284 2397 479 2447 Defringit
498 2398 648 2444 ferrum,
668 2400 706 2435 et
724 2400 849 2448 partes
868 2397 1028 2435 rimatur
1046 2398 1204 2447 apertas,

286 2450 369 2496 Qua
385 2450 523 2487 vulnus
541 2450 653 2488 letale
671 2451 788 2488 ferat:
818 2452 949 2488 contra
966 2450 1030 2487 ille
1047 2462 1260 2499 repugnans

285 2503 456 2541 Sustinet
476 2516 497 2540 a
510 2503 646 2554 jugulo
665 2504 848 2550 dextram,
867 2506 906 2540 et
924 2503 1002 2540 vim
1020 2503 1161 2540 viribus
1180 2502 1268 2540 exit.

285 2556 416 2606 thue
434 2556 564 2594 volans
583 2557 659 2594 alte
677 2559 829 2607 laptum
849 2569 967 2606 quum
985 2556 1088 2593 fulva
1105 2556 1304 2593 draconem

286 2608 378 2646 Fert
398 2609 531 2659 aquila,
551 2610 809 2661 implicuitque
827 2609 950 2660 pedeS,
971 2612 1084 2659 atque
1101 2607 1291 2659 unguibus
1310 2605 1442 2644 haesit:
