1674 2775
579 101 769 128 AENEIDOS
788 101 858 127 LIB
864 119 871 127 .
890 101 987 128 VIII.

150 200 263 238 Hanc
282 199 311 237 J
312 211 405 237 anus
424 198 543 248 pater,
561 197 660 234 hanc
679 196 865 234 Saturnus
885 195 1055 233 condidit
1074 209 1219 234 arcem:

150 253 177 291 J
179 253 370 291 aniculum
390 251 490 297 huic,
509 250 565 287 illi
585 251 707 287 fuerat
728 249 906 286 Saturnia
924 249 1103 287 nomen.'’

149 306 304 343 Talibus
324 306 424 342 inter
443 317 481 341 se
500 302 613 340 dietis
633 303 680 339 ad
699 305 803 339 tecta
817 302 996 339 subibant

149 359 330 409 Pauperis
350 356 530 402 Evandri,
549 355 763 406 passimque
782 357 954 392 armenta
972 354 1152 393 videbant

148 411 397 461 Romanoque
416 411 496 448 soro
515 413 555 447 et
574 409 689 446 lautis
708 408 855 459 mugire
875 407 1035 445 Carinis.

146 464 206 503 Ut
223 467 383 503 ventum
402 464 450 500 ad
468 463 584 508 sedes,
605 465 625 481 ‘⁶
645 462 777 508 Haec,''
798 461 935 511 inquit,
956 460 1122 499 “limina
1139 462 1263 500 victor

146 517 299 556 Alcides
318 517 456 563 subiit3
484 516 564 553 haec
582 515 692 552 illum
710 514 814 565 regia
832 514 943 564 cepit.

147 571 269 618 Aude,
288 571 434 620 hospes
455 572 696 607 contemnere
715 582 815 618 opes,
835 570 874 605 et
893 570 932 604 te
953 581 1100 618 quoque
1120 568 1281 620 dignum

148 624 271 674 Finge
290 625 380 662 deo:
410 623 594 672 rebusque
613 621 700 659 veni
718 635 794 658 non
814 634 922 670 asper
940 621 1108 671 egenis.''

146 677 269 724 Dixit,
289 679 329 715 et
348 676 501 724 angusti
520 676 651 712 subter
669 674 823 724 fastigia
841 673 936 711 tecti

146 730 350 780 Ingentem
371 730 519 767 AEnean
538 728 659 773 duxit,
679 728 883 776 stratisque
902 726 1041 764 locavit

145 783 338 821 Effultum
357 783 455 821 foliis
474 785 513 819 et
532 781 627 831 pelle
646 780 857 830 Libystidis
877 793 983 817 ursae.

198 836 288 874 Nox
307 837 396 882 ruit,
417 840 456 874 et
476 834 588 872 fuscis
606 834 780 872 tellurem
801 833 1045 884 amplectitur
1063 833 1143 871 alis.

145 889 201 927 At
220 889 350 927 Venus
368 889 470 927 haud
489 888 615 925 animo
634 887 887 937 nequidquam
907 887 1088 924 exterrita
1106 890 1240 935 mater,

145 942 455 992 Laurentumque
474 941 586 978 minis
606 943 645 978 et
664 941 757 978 duro
778 943 883 978 mota
901 940 1085 986 tumultu,

144 995 358 1034 Vulcanum
378 995 594 1046 alloquitur,
613 994 857 1043 thalamoque
876 994 958 1031 haec
978 993 1148 1044 conjugis
1168 1007 1280 1032 aureo

665 1760 864 1804 s-czg*

724 1812 865 1852 &W

491 1818 521 1858 π»
531 1848 628 1858 2⁷*
673 1812 1036 1868 '‘¹¹12211‘121111fff55533liaffimmfflfffflffi'*

138 1953 294 2004 Incipit,
313 1955 353 1991 et
371 1953 482 1991 dictis
503 1953 674 1990 divinum
693 1953 835 2004 aspirat
853 1966 1042 1990 amorem:

139 2010 160 2026 “
173 2007 280 2044 Dum
299 2007 397 2045 bello
416 2007 587 2057 Argolici
606 2007 809 2044 vastabant
830 2007 1017 2056 Pergama
1035 2019 1143 2056 reges

136 2060 280 2098 Debita
299 2074 521 2110 casurasque
540 2060 700 2097 inimicis
719 2060 871 2110 ignibus
890 2072 1003 2105 arces,

136 2113 229 2151 Non
247 2114 369 2151 ullum
389 2114 570 2150 auxilium
590 2113 746 2159 miseris,
766 2127 840 2150 non
861 2126 965 2150 arma
982 2112 1115 2163 rogavi

136 2167 243 2205 Artis
263 2167 417 2217 opisque
435 2170 512 2204 tuae
529 2183 536 2213 3
564 2180 633 2204 nec
651 2169 702 2213 te,
722 2166 910 2204 carissime
929 2165 1080 2216 conqu‚

137 2219 381 2258 Incassumve
399 2224 487 2258 tuos
506 2220 609 2258 volui
627 2233 795 2257 exercere
814 2220 980 2257 labores:

137 2273 317 2319 Quamvis
336 2276 375 2311 et
396 2273 538 2311 Priami
557 2273 730 2311 deberem
748 2273 911 2323 plurima
930 2272 1041 2319 natis,

136 2325 192 2363 Et
211 2327 347 2364 durum
367 2327 499 2364 AEneae
519 2327 705 2364 flevissem
725 2340 822 2377 saepe
840 2326 1019 2364 laborem.

135 2378 177 2415 N
178 2393 250 2417 unc
269 2380 297 2416 J
299 2380 379 2417 ovis
398 2381 565 2430 imperiis
583 2380 816 2417 Rutulorum
836 2379 1012 2417 constitit
1032 2378 1127 2416 oris:

136 2431 241 2482 Ergo
260 2433 389 2470 eadem
408 2434 563 2483 supplex
581 2434 703 2480 venio,
722 2436 761 2471 et
780 2435 955 2470 sanctum
973 2432 1070 2469 mihi
1087 2444 1230 2469 numen

136 2485 255 2522 Arma
271 2499 376 2536 rogo,
395 2487 566 2537 genetrix
586 2490 687 2524 nato.
745 2486 800 2524 Te
819 2486 898 2523 filia
915 2485 1045 2532 Nerei,

136 2537 191 2574 Te
208 2539 336 2588 potuit
354 2539 516 2577 lacrimis
536 2540 581 2576 Ti
603 2540 719 2577 honia
735 2540 885 2577 flectere
904 2539 1052 2589 conjux.

136 2590 284 2641 Aspice,
303 2592 368 2642 qui
386 2596 521 2631 coeant
539 2593 681 2644 populi,
701 2607 784 2644 quae
802 2592 943 2631 moenia
960 2590 1096 2630 clausis

1343 94 1420 132 285
