1705 2744
248 106 299 142 16
651 116 686 142 P.
706 115 891 143 VIRGILH
911 115 1098 144 MARoms

247 210 371 259 AEgle,
391 209 580 247 Naiadum
600 210 872 260 pulcherrima3
894 212 1048 261 jamque
1066 211 1212 249 videnti

247 263 468 313 Sanguineis
487 264 650 301 frontem
669 264 782 301 moris
802 266 840 301 et
858 266 1029 313 tempora
1046 265 1184 315 pingit.

247 315 318 353 Ille
337 316 465 354 dolum
483 316 618 363 ridens,
639 321 659 336 ‘⁶
673 317 755 362 Quo
774 317 923 354 vincula
940 317 1094 354 nectitis
1112 318 1158 355 ⁴?”
1188 317 1326 368 inquit.

247 369 424 406 “Solvite
443 382 513 415 me,
533 369 659 418 pueri3
688 369 778 406 satis
797 372 855 407 est
873 370 1039 419 potuisse
1057 370 1187 408 videri.

247 421 433 468 Carmina,
452 436 534 471 quae
552 422 679 468 vultis,
699 423 934 471 eognoscite3
962 423 1126 460 earmina
1143 423 1262 469 Vobis,

248 474 351 512 Huic
371 475 472 512 aliud
490 475 668 513 mercedis
688 475 798 512 erit.”
856 475 976 512 Simul
993 475 1127 526 incipit
1146 476 1236 526 ipse.

248 528 349 565 Tum
368 542 455 565 vero
474 527 513 564 in
532 541 729 565 numerum
750 528 974 578 Faunosque
992 528 1160 578 ferasque
1178 529 1323 566 videres

250 580 409 627 Ludere,
429 584 514 617 tum
532 581 670 631 rigidas
690 583 834 617 motare
853 581 1047 618 eacumina
1065 595 1233 631 quereus.

247 634 330 671 Nee
349 637 502 671 tantum
522 634 666 671 Phoebo
686 634 826 684 gaudet
845 633 1025 670 Parnasia
1042 647 1174 684 rupes;

249 687 330 725 Nee
349 689 501 724 tantum
520 687 705 737 Rhodope
723 687 909 723 mirantur
928 689 966 723 et
986 686 1152 724 Ismarus
1173 687 1332 737 Orphea.

300 740 475 790 Namque
494 741 661 786 canebat,
681 740 739 776 uti
757 753 939 789 magnum
957 753 1022 789 per
1040 740 1149 777 inane
1169 743 1298 777 coacta

245 792 396 831 Semina
413 796 670 843 terrarumque
689 792 893 842 animaeque
912 793 1097 843 marisque
1116 793 1275 830 fuissent

249 846 303 883 Et
322 846 453 896 liquidi
472 847 583 883 simul
601 846 721 896 ignis:
750 848 795 883 ut
813 846 872 883 his
891 845 1041 883 exordia
1058 846 1189 895 primis

248 899 396 944 Omnia,
415 902 454 936 et
472 900 550 949 ipse
567 902 675 936 tener
692 898 824 935 mundi
842 898 1071 936 concreverit
1090 900 1188 936 orbis
1203 915 1210 945 3

248 952 348 989 Tum
367 953 498 990 durare
517 952 637 989 solum
656 954 694 989 et
713 951 919 989 discludere
937 952 1062 989 Nerea
1079 954 1197 1001 ponto

249 1005 426 1055 Coeperit,
445 1008 483 1043 et
502 1019 627 1043 rerum
646 1005 829 1055 paulatim
848 1018 992 1042 sumere
1011 1005 1170 1051 formas3

247 1058 411 1108 Jamque
429 1072 570 1096 novum
588 1061 697 1096 terrae
716 1060 893 1108 stupeant
911 1058 1094 1095 lucescere
1113 1058 1241 1104 solem,

246 1111 374 1148 Altius
389 1114 501 1161 atque
521 1112 655 1149 cadant
675 1111 858 1148 submotis
877 1111 1039 1148 nubibus
1057 1110 1216 1156 imbres3

246 1164 438 1214 Ineipiant
456 1165 557 1201 silvae
576 1178 693 1214 quum
710 1164 875 1214 primum
893 1177 1055 1214 surgere,
1074 1177 1262 1214 quumque
1299 1209 1304 1213 “

247 1217 349 1254 Rara
366 1231 431 1267 per
449 1218 599 1268 ignotos
619 1220 744 1254 errent
763 1217 936 1254 animalia
954 1219 1114 1254 montes.

245 1270 350 1307 Hine
369 1271 508 1320 lapides
528 1271 684 1320 Pyrrhae
697 1270 831 1320 jaetOS,
852 1270 1028 1307 Saturnia
1045 1283 1171 1320 regna,

246 1323 515 1373 Caucasiasque
534 1324 647 1361 refert
666 1323 844 1369 volueres,
864 1323 1081 1372 furtumque
1101 1322 1330 1360 Promethei.

246 1376 322 1414 His
341 1377 525 1427 adjungit,
545 1376 677 1426 Hylan
695 1379 820 1413 nautae
841 1390 913 1425 quo
932 1376 1037 1413 fonte
1056 1375 1231 1413 relietum

246 1429 492 1475 Clamassent,
510 1432 555 1466 ut
573 1430 676 1475 litus,
696 1432 716 1448 “
730 1429 848 1479 Hyla,
867 1429 1011 1479 Hyla,''
1033 1442 1143 1466 omne
1162 1430 1332 1474 sonaret;

245 1483 302 1519 Et
319 1483 563 1528 fortunatam,
583 1482 613 1519 si
632 1495 824 1532 nunquam
842 1484 1012 1519 armenta
1030 1481 1200 1528 fuissent,

247 1535 461 1586 Pasiphaeii
480 1535 580 1572 nivei
598 1535 739 1572 solatur
758 1548 882 1572 amore
894 1534 1058 1585 juvenci.

245 1589 310 1625 Ah
328 1589 435 1638 virgo
454 1588 595 1634 infelix,
614 1602 696 1638 quae
714 1591 753 1625 te
772 1588 961 1626 dementia
979 1588 1077 1637 cepit
1092 1588 1098 1624 !

245 1641 432 1680 Proetides
450 1641 655 1692 implerunt
673 1641 774 1678 falsis
793 1641 1003 1691 mugitibus
1022 1653 1130 1690 agros
1145 1656 1153 1686 ;

245 1695 300 1732 At
319 1709 394 1732 non
413 1698 494 1732 tam
512 1698 641 1744 turpes
659 1694 845 1744 pecudum
863 1697 992 1731 tamen
1009 1693 1086 1730 ulla
1105 1697 1233 1730 secuta
1251 1695 1309 1731 est

245 1747 488 1794 Concubitus,
508 1747 677 1797 quamvis
696 1747 792 1785 00110
809 1747 999 1784 timuisset
1018 1749 1196 1792 aratrum,

245 1801 300 1838 Et
320 1815 415 1850 saepe
433 1801 473 1838 111
490 1801 562 1838 levi
583 1801 775 1850 quaesisset
794 1813 932 1838 cornua
949 1800 1084 1837 fronte.

243 1854 308 1890 Ah
326 1854 433 1904 virgo
452 1854 590 1900 infelix,
609 1856 655 1891 tu
673 1867 772 1891 nune
791 1853 830 1890 in
848 1853 1041 1891 montibus
1060 1865 1179 1890 erras:

245 1906 326 1953 Ille,
346 1907 446 1944 latus
464 1907 615 1945 niveum
635 1907 741 1944 molli
758 1907 877 1944 fultus
895 1906 1115 1957 hyacintho,

245 1959 338 1997 Ilice
357 1961 426 1997 sub
446 1960 554 2010 nigra
571 1960 756 2010 pallentes
774 1960 942 1997 ruminat
960 1959 1106 2003 herbas,

244 2013 326 2049 Aut
345 2013 507 2063 aliquam
525 2014 565 2049 in
584 2027 721 2063 magno
741 2013 910 2063 sequitur
928 2025 1053 2062 grege.
1088 2009 1272 2055 Claudite,
1288 2007 1482 2058 Nymphae

244 2065 401 2102 Dietaeae
420 2067 460 2102 N
461 2066 623 2115 ymphae,
642 2079 838 2103 nemorum
851 2065 931 2115 jam
950 2064 1111 2102 claudite
1130 2062 1258 2109 saltus,

245 2118 285 2154 Si
304 2132 377 2167 qua
393 2119 491 2156 forte
509 2119 630 2156 ferant
649 2119 764 2156 0011115
784 2132 862 2156 sese
881 2118 990 2156 obvia
1007 2116 1145 2154 nostris

244 2170 469 2209 Errabunda
486 2172 592 2209 bovis
610 2172 792 2221 vestigia:
822 2171 979 2209 forsitan
998 2170 1116 2215 illum,

244 2224 326 2260 Aut
345 2224 461 2261 herba
479 2227 632 2274 captum
651 2225 772 2268 viridi,
793 2226 859 2262 aut
878 2225 1048 2261 armenta
1066 2224 1250 2268 secutum,

245 2276 459 2314 Perdueant
478 2277 610 2326 aliquae
629 2277 777 2314 stabula
795 2278 841 2314 ad
860 2276 1048 2327 Gortynia
1066 2288 1197 2312 vaceae.

245 2329 345 2366 Tum
363 2330 465 2366 canit
487 2330 739 2379 Hesperidum
756 2331 931 2366 miratam
949 2329 1049 2367 mala
1065 2328 1250 2379 puellam:

243 2382 340 2419 Tum
361 2382 686 2420 Phaethontiadas
705 2396 834 2420 museo
853 2383 1060 2420 circumdat
1080 2395 1214 2419 amarae

245 2435 417 2482 Cortieis,
436 2438 548 2485 atque
568 2436 646 2473 solo
665 2449 834 2485 proceras
854 2436 965 2486 erigit
984 2436 1111 2473 alnos:

244 2488 344 2525 Tum
363 2488 476 2535 canit,
496 2492 684 2526 errantem
703 2489 889 2526 Permessi
908 2489 954 2526 ad
973 2488 1130 2525 flumina
1148 2486 1303 2524 Gallum

245 2543 371 2578 Aonas
390 2541 430 2578 in
448 2545 597 2579 montes
616 2544 661 2579 ut
680 2541 828 2579 duxerit
846 2556 921 2579 una
940 2555 1131 2587 sororum3

246 2595 374 2645 thue
392 2595 472 2632 viro
492 2595 629 2633 Phoebi
647 2595 782 2634 chorus
802 2595 1043 2633 assurrexerit
1063 2593 1206 2639 omnis3
