<?xml version="1.0" encoding="UTF-8"?>
<!DOCTYPE html PUBLIC "-//W3C//DTD XHTML 1.0 Transitional//EN"
    "http://www.w3.org/TR/xhtml1/DTD/xhtml1-transitional.dtd">
<html xmlns="http://www.w3.org/1999/xhtml" xml:lang="en" lang="en">
 <head>
  <title>
</title>
<meta http-equiv="Content-Type" content="text/html;charset=utf-8" />
  <meta name='ocr-system' content='tesseract 3.04.00' />
  <meta name='ocr-capabilities' content='ocr_page ocr_carea ocr_par ocr_line ocrx_word'/>
</head>
<body>
  <div class='ocr_page' id='page_1' title='image "./worksfromtextofh00virguoft_0149.png"; bbox 0 0 1705 2744; ppageno 0'>
   <div class='ocr_carea' id='block_1_1' title="bbox 641 98 1472 135">
    <p class='ocr_par' dir='ltr' id='par_1_1' title="bbox 641 98 1472 135">
     <span class='ocr_line' id='line_1_1' title="bbox 641 98 1472 135; baseline 0.004 -3"><span class='ocrx_word' id='word_1_1' title='bbox 641 105 830 133; x_wconf 60' lang='lat' dir='ltr'>,nmmos</span> <span class='ocrx_word' id='word_1_2' title='bbox 850 106 932 132; x_wconf 77' lang='grc' dir='ltr'>ΠΒ.</span> <span class='ocrx_word' id='word_1_3' title='bbox 953 106 982 132; x_wconf 89' lang='lat'>1.</span> <span class='ocrx_word' id='word_1_4' title='bbox 1397 98 1472 135; x_wconf 87' lang='grc'>115</span> 
     </span>
    </p>
   </div>
   <div class='ocr_carea' id='block_1_2' title="bbox 195 201 1468 2659">
    <p class='ocr_par' dir='ltr' id='par_1_2' title="bbox 204 201 1361 252">
     <span class='ocr_line' id='line_1_2' title="bbox 204 201 1361 252; baseline -0.001 -12"><span class='ocrx_word' id='word_1_5' title='bbox 204 202 310 240; x_wconf 88' lang='lat' dir='ltr'>Hinc</span> <span class='ocrx_word' id='word_1_6' title='bbox 329 204 443 252; x_wconf 84' lang='lat' dir='ltr'>atque</span> <span class='ocrx_word' id='word_1_7' title='bbox 461 201 550 239; x_wconf 80' lang='lat' dir='ltr'>hinc</span> <span class='ocrx_word' id='word_1_8' title='bbox 569 201 831 252; x_wconf 85' lang='lat' dir='ltr'>glomerantur</span> <span class='ocrx_word' id='word_1_9' title='bbox 850 201 1034 239; x_wconf 82' lang='lat' dir='ltr'>Oreades:</span> <span class='ocrx_word' id='word_1_10' title='bbox 1063 201 1128 239; x_wconf 84' lang='lat' dir='ltr'>illa</span> <span class='ocrx_word' id='word_1_11' title='bbox 1145 201 1361 252; x_wconf 83' lang='lat' dir='ltr'>pharetram</span> 
     </span>
    </p>

    <p class='ocr_par' dir='ltr' id='par_1_3' title="bbox 205 254 1306 306">
     <span class='ocr_line' id='line_1_3' title="bbox 205 254 1306 306; baseline -0.001 -12"><span class='ocrx_word' id='word_1_12' title='bbox 205 256 299 294; x_wconf 84' lang='lat' dir='ltr'>Fert</span> <span class='ocrx_word' id='word_1_13' title='bbox 318 256 487 301; x_wconf 86' lang='lat' dir='ltr'>humero,</span> <span class='ocrx_word' id='word_1_14' title='bbox 507 255 756 306; x_wconf 74' lang='lat' dir='ltr'>gradiensque</span> <span class='ocrx_word' id='word_1_15' title='bbox 775 255 862 293; x_wconf 82' lang='lat' dir='ltr'>deas</span> <span class='ocrx_word' id='word_1_16' title='bbox 881 254 1135 305; x_wconf 87' lang='lat' dir='ltr'>supereminet</span> <span class='ocrx_word' id='word_1_17' title='bbox 1154 269 1283 293; x_wconf 88' lang='lat' dir='ltr'>omnes</span> <span class='ocrx_word' id='word_1_18' title='bbox 1299 272 1306 303; x_wconf 92' lang='lat'>;</span> 
     </span>
    </p>

    <p class='ocr_par' dir='ltr' id='par_1_4' title="bbox 203 308 1114 359">
     <span class='ocr_line' id='line_1_4' title="bbox 203 308 1114 359; baseline 0 -14"><span class='ocrx_word' id='word_1_19' title='bbox 203 309 363 347; x_wconf 85' lang='lat' dir='ltr'>Latonae</span> <span class='ocrx_word' id='word_1_20' title='bbox 381 309 545 346; x_wconf 85' lang='lat' dir='ltr'>tacitum</span> <span class='ocrx_word' id='word_1_21' title='bbox 562 310 785 359; x_wconf 84' lang='lat' dir='ltr'>pertentant</span> <span class='ocrx_word' id='word_1_22' title='bbox 804 308 943 359; x_wconf 85' lang='lat' dir='ltr'>gaudia</span> <span class='ocrx_word' id='word_1_23' title='bbox 960 311 1114 358; x_wconf 87' lang='lat' dir='ltr'>pectus:</span> 
     </span>
    </p>

    <p class='ocr_par' dir='ltr' id='par_1_5' title="bbox 203 362 1006 408">
     <span class='ocr_line' id='line_1_5' title="bbox 203 362 1006 408; baseline -0.001 -8"><span class='ocrx_word' id='word_1_24' title='bbox 203 362 308 400; x_wconf 85' lang='lat' dir='ltr'>Talis</span> <span class='ocrx_word' id='word_1_25' title='bbox 328 365 409 400; x_wconf 88' lang='lat' dir='ltr'>erat</span> <span class='ocrx_word' id='word_1_26' title='bbox 429 362 543 408; x_wconf 90' lang='lat' dir='ltr'>Dido,</span> <span class='ocrx_word' id='word_1_27' title='bbox 562 362 680 399; x_wconf 86' lang='lat' dir='ltr'>talem</span> <span class='ocrx_word' id='word_1_28' title='bbox 699 376 737 399; x_wconf 88' lang='lat' dir='ltr'>se</span> <span class='ocrx_word' id='word_1_29' title='bbox 756 362 844 399; x_wconf 72' lang='lat' dir='ltr'>laeta</span> <span class='ocrx_word' id='word_1_30' title='bbox 861 362 1006 400; x_wconf 84' lang='lat' dir='ltr'>ferebat</span> 
     </span>
    </p>

    <p class='ocr_par' dir='ltr' id='par_1_6' title="bbox 203 415 1130 466">
     <span class='ocr_line' id='line_1_6' title="bbox 203 415 1130 466; baseline 0 -14"><span class='ocrx_word' id='word_1_31' title='bbox 203 415 278 453; x_wconf 91' lang='lat' dir='ltr'>Per</span> <span class='ocrx_word' id='word_1_32' title='bbox 297 416 454 462; x_wconf 88' lang='lat' dir='ltr'>medios,</span> <span class='ocrx_word' id='word_1_33' title='bbox 472 416 619 453; x_wconf 81' lang='lat' dir='ltr'>instans</span> <span class='ocrx_word' id='word_1_34' title='bbox 638 415 742 465; x_wconf 89' lang='lat' dir='ltr'>operi</span> <span class='ocrx_word' id='word_1_35' title='bbox 759 415 960 466; x_wconf 78' lang='lat' dir='ltr'>regnisque</span> <span class='ocrx_word' id='word_1_36' title='bbox 979 415 1130 452; x_wconf 83' lang='lat' dir='ltr'>futuris.</span> 
     </span>
    </p>

    <p class='ocr_par' dir='ltr' id='par_1_7' title="bbox 203 469 1114 518">
     <span class='ocr_line' id='line_1_7' title="bbox 203 469 1114 518; baseline -0.001 -12"><span class='ocrx_word' id='word_1_37' title='bbox 203 469 304 506; x_wconf 88' lang='lat' dir='ltr'>Tum</span> <span class='ocrx_word' id='word_1_38' title='bbox 323 469 465 507; x_wconf 88' lang='lat' dir='ltr'>foribus</span> <span class='ocrx_word' id='word_1_39' title='bbox 485 469 592 515; x_wconf 83' lang='lat' dir='ltr'>divae,</span> <span class='ocrx_word' id='word_1_40' title='bbox 611 469 736 506; x_wconf 81' lang='lat' dir='ltr'>media</span> <span class='ocrx_word' id='word_1_41' title='bbox 753 469 947 506; x_wconf 88' lang='lat' dir='ltr'>testudine</span> <span class='ocrx_word' id='word_1_42' title='bbox 966 469 1114 518; x_wconf 87' lang='lat' dir='ltr'>templi,</span> 
     </span>
    </p>

    <p class='ocr_par' dir='ltr' id='par_1_8' title="bbox 203 522 1085 572">
     <span class='ocr_line' id='line_1_8' title="bbox 203 522 1085 572; baseline 0 -13"><span class='ocrx_word' id='word_1_43' title='bbox 203 522 320 572; x_wconf 84' lang='lat' dir='ltr'>Septa</span> <span class='ocrx_word' id='word_1_44' title='bbox 338 522 452 560; x_wconf 83' lang='lat' dir='ltr'>armis</span> <span class='ocrx_word' id='word_1_45' title='bbox 471 522 639 572; x_wconf 88' lang='lat' dir='ltr'>solioque</span> <span class='ocrx_word' id='word_1_46' title='bbox 659 522 735 560; x_wconf 89' lang='lat' dir='ltr'>alte</span> <span class='ocrx_word' id='word_1_47' title='bbox 755 522 916 560; x_wconf 80' lang='lat' dir='ltr'>subnixa</span> <span class='ocrx_word' id='word_1_48' title='bbox 933 523 1085 559; x_wconf 86' lang='lat' dir='ltr'>resedit.</span> 
     </span>
    </p>

    <p class='ocr_par' dir='ltr' id='par_1_9' title="bbox 201 575 1182 626">
     <span class='ocr_line' id='line_1_9' title="bbox 201 575 1182 626; baseline 0 -14"><span class='ocrx_word' id='word_1_49' title='bbox 201 575 230 612; x_wconf 84' lang='lat' dir='ltr'><strong>J</strong></span> <span class='ocrx_word' id='word_1_50' title='bbox 232 589 300 613; x_wconf 86' lang='lat' dir='ltr'>ura</span> <span class='ocrx_word' id='word_1_51' title='bbox 319 576 434 614; x_wconf 82' lang='lat' dir='ltr'>dabat</span> <span class='ocrx_word' id='word_1_52' title='bbox 451 575 627 626; x_wconf 79' lang='lat' dir='ltr'>legesque</span> <span class='ocrx_word' id='word_1_53' title='bbox 645 576 747 622; x_wconf 82' lang='lat' dir='ltr'>viris,</span> <span class='ocrx_word' id='word_1_54' title='bbox 767 589 996 626; x_wconf 87' lang='lat' dir='ltr'>operumque</span> <span class='ocrx_word' id='word_1_55' title='bbox 1014 576 1182 613; x_wconf 89' lang='lat' dir='ltr'>laborem</span> 
     </span>
    </p>

    <p class='ocr_par' dir='ltr' id='par_1_10' title="bbox 202 628 1151 680">
     <span class='ocr_line' id='line_1_10' title="bbox 202 628 1151 680; baseline 0 -14"><span class='ocrx_word' id='word_1_56' title='bbox 202 628 384 666; x_wconf 89' lang='lat' dir='ltr'>Partibus</span> <span class='ocrx_word' id='word_1_57' title='bbox 404 630 579 679; x_wconf 84' lang='lat' dir='ltr'>aequabat</span> <span class='ocrx_word' id='word_1_58' title='bbox 593 629 722 680; x_wconf 75' lang='lat' dir='ltr'>justis,</span> <span class='ocrx_word' id='word_1_59' title='bbox 742 632 809 666; x_wconf 81' lang='lat' dir='ltr'>aut</span> <span class='ocrx_word' id='word_1_60' title='bbox 829 631 930 667; x_wconf 83' lang='lat' dir='ltr'>sorte</span> <span class='ocrx_word' id='word_1_61' title='bbox 949 629 1127 666; x_wconf 83' lang='lat' dir='ltr'>trahebat</span> <span class='ocrx_word' id='word_1_62' title='bbox 1143 645 1151 675; x_wconf 80' lang='lat'><em>3</em></span> 
     </span>
    </p>

    <p class='ocr_par' dir='ltr' id='par_1_11' title="bbox 201 683 1192 732">
     <span class='ocr_line' id='line_1_11' title="bbox 201 683 1192 732; baseline 0.001 -13"><span class='ocrx_word' id='word_1_63' title='bbox 201 683 331 729; x_wconf 76' lang='lat' dir='ltr'>Quum</span> <span class='ocrx_word' id='word_1_64' title='bbox 350 683 476 720; x_wconf 88' lang='lat' dir='ltr'>subito</span> <span class='ocrx_word' id='word_1_65' title='bbox 496 683 636 720; x_wconf 84' lang='lat' dir='ltr'>AEneas</span> <span class='ocrx_word' id='word_1_66' title='bbox 656 696 840 720; x_wconf 79' lang='lat' dir='ltr'>concursu</span> <span class='ocrx_word' id='word_1_67' title='bbox 860 683 1032 720; x_wconf 79' lang='lat' dir='ltr'>accedere</span> <span class='ocrx_word' id='word_1_68' title='bbox 1051 696 1192 732; x_wconf 82' lang='lat' dir='ltr'>magno</span> 
     </span>
    </p>

    <p class='ocr_par' dir='ltr' id='par_1_12' title="bbox 201 736 1293 786">
     <span class='ocr_line' id='line_1_12' title="bbox 201 736 1293 786; baseline 0 -14"><span class='ocrx_word' id='word_1_69' title='bbox 201 736 359 774; x_wconf 84' lang='lat' dir='ltr'>Anthea</span> <span class='ocrx_word' id='word_1_70' title='bbox 377 736 673 786; x_wconf 65' lang='lat' dir='ltr'>Sergestumque</span> <span class='ocrx_word' id='word_1_71' title='bbox 691 736 796 773; x_wconf 84' lang='lat' dir='ltr'>videt</span> <span class='ocrx_word' id='word_1_72' title='bbox 815 736 1028 786; x_wconf 86' lang='lat' dir='ltr'>fortemque</span> <span class='ocrx_word' id='word_1_73' title='bbox 1048 736 1293 773; x_wconf 87' lang='lat' dir='ltr'>Cloanthum.</span> 
     </span>
    </p>

    <p class='ocr_par' dir='ltr' id='par_1_13' title="bbox 201 789 1147 840">
     <span class='ocr_line' id='line_1_13' title="bbox 201 789 1147 840; baseline 0 -14"><span class='ocrx_word' id='word_1_74' title='bbox 201 789 509 840; x_wconf 81' lang='lat' dir='ltr'>Teucrorumque</span> <span class='ocrx_word' id='word_1_75' title='bbox 529 789 632 836; x_wconf 86' lang='lat' dir='ltr'>alios,</span> <span class='ocrx_word' id='word_1_76' title='bbox 652 791 734 826; x_wconf 86' lang='lat' dir='ltr'>ater</span> <span class='ocrx_word' id='word_1_77' title='bbox 753 803 845 839; x_wconf 88' lang='lat' dir='ltr'>quos</span> <span class='ocrx_word' id='word_1_78' title='bbox 865 803 1014 839; x_wconf 87' lang='lat' dir='ltr'>aequore</span> <span class='ocrx_word' id='word_1_79' title='bbox 1033 790 1147 826; x_wconf 91' lang='lat' dir='ltr'>turbo</span> 
     </span>
    </p>

    <p class='ocr_par' dir='ltr' id='par_1_14' title="bbox 201 842 1101 893">
     <span class='ocr_line' id='line_1_14' title="bbox 201 842 1101 893; baseline 0.001 -14"><span class='ocrx_word' id='word_1_80' title='bbox 201 842 436 892; x_wconf 83' lang='lat' dir='ltr'>Dispulerat,</span> <span class='ocrx_word' id='word_1_81' title='bbox 456 843 682 893; x_wconf 86' lang='lat' dir='ltr'>penitusque</span> <span class='ocrx_word' id='word_1_82' title='bbox 701 842 791 880; x_wconf 82' lang='lat' dir='ltr'>alias</span> <span class='ocrx_word' id='word_1_83' title='bbox 811 845 987 880; x_wconf 73' lang='lat' dir='ltr'>avexerat</span> <span class='ocrx_word' id='word_1_84' title='bbox 1007 856 1101 880; x_wconf 85' lang='lat' dir='ltr'>oras.</span> 
     </span>
    </p>

    <p class='ocr_par' dir='ltr' id='par_1_15' title="bbox 201 896 1194 946">
     <span class='ocr_line' id='line_1_15' title="bbox 201 896 1194 946; baseline 0 -13"><span class='ocrx_word' id='word_1_85' title='bbox 201 896 414 946; x_wconf 86' lang='lat' dir='ltr'>Obstupuit</span> <span class='ocrx_word' id='word_1_86' title='bbox 434 896 547 933; x_wconf 81' lang='lat' dir='ltr'>simu]</span> <span class='ocrx_word' id='word_1_87' title='bbox 565 896 656 946; x_wconf 89' lang='lat' dir='ltr'>ipse,</span> <span class='ocrx_word' id='word_1_88' title='bbox 676 896 790 933; x_wconf 90' lang='lat' dir='ltr'>simul</span> <span class='ocrx_word' id='word_1_89' title='bbox 808 909 1006 946; x_wconf 86' lang='lat' dir='ltr'>percussus</span> <span class='ocrx_word' id='word_1_90' title='bbox 1026 896 1194 933; x_wconf 83' lang='lat' dir='ltr'>Achates</span> 
     </span>
    </p>

    <p class='ocr_par' dir='ltr' id='par_1_16' title="bbox 199 949 1199 1000">
     <span class='ocr_line' id='line_1_16' title="bbox 199 949 1199 1000; baseline 0 -14"><span class='ocrx_word' id='word_1_91' title='bbox 199 949 428 1000; x_wconf 82' lang='lat' dir='ltr'>Laetitiaque</span> <span class='ocrx_word' id='word_1_92' title='bbox 447 952 649 999; x_wconf 88' lang='lat' dir='ltr'>metuque:</span> <span class='ocrx_word' id='word_1_93' title='bbox 679 949 780 986; x_wconf 81' lang='lat' dir='ltr'>avidi</span> <span class='ocrx_word' id='word_1_94' title='bbox 799 950 1026 1000; x_wconf 88' lang='lat' dir='ltr'>conjungere</span> <span class='ocrx_word' id='word_1_95' title='bbox 1048 950 1199 987; x_wconf 76' lang='lat' dir='ltr'>dextras</span> 
     </span>
    </p>

    <p class='ocr_par' dir='ltr' id='par_1_17' title="bbox 198 1002 1132 1054">
     <span class='ocr_line' id='line_1_17' title="bbox 198 1002 1132 1054; baseline 0.001 -15"><span class='ocrx_word' id='word_1_96' title='bbox 198 1003 417 1048; x_wconf 84' lang='lat' dir='ltr'>Ardebant3</span> <span class='ocrx_word' id='word_1_97' title='bbox 448 1003 513 1040; x_wconf 90' lang='lat' dir='ltr'>sed</span> <span class='ocrx_word' id='word_1_98' title='bbox 530 1016 589 1040; x_wconf 88' lang='lat' dir='ltr'>res</span> <span class='ocrx_word' id='word_1_99' title='bbox 609 1002 753 1040; x_wconf 80' lang='lat' dir='ltr'>animos</span> <span class='ocrx_word' id='word_1_100' title='bbox 771 1003 970 1054; x_wconf 87' lang='lat' dir='ltr'>incognita</span> <span class='ocrx_word' id='word_1_101' title='bbox 987 1004 1132 1041; x_wconf 84' lang='lat' dir='ltr'>turbat.</span> 
     </span>
    </p>

    <p class='ocr_par' dir='ltr' id='par_1_18' title="bbox 197 1056 1217 1106">
     <span class='ocr_line' id='line_1_18' title="bbox 197 1056 1217 1106; baseline 0.001 -13"><span class='ocrx_word' id='word_1_102' title='bbox 197 1056 476 1103; x_wconf 80' lang='lat' dir='ltr'>Dissimulant3</span> <span class='ocrx_word' id='word_1_103' title='bbox 504 1058 543 1093; x_wconf 90' lang='lat' dir='ltr'>et</span> <span class='ocrx_word' id='word_1_104' title='bbox 563 1057 663 1094; x_wconf 87' lang='lat' dir='ltr'>nube</span> <span class='ocrx_word' id='word_1_105' title='bbox 682 1070 773 1093; x_wconf 84' lang='lat' dir='ltr'>cava</span> <span class='ocrx_word' id='word_1_106' title='bbox 792 1057 1035 1106; x_wconf 68' lang='lat' dir='ltr'>speculantur</span> <span class='ocrx_word' id='word_1_107' title='bbox 1054 1056 1197 1102; x_wconf 84' lang='lat' dir='ltr'>amicti,</span> <span class='ocrx_word' id='word_1_108' title='bbox 1215 1099 1217 1104; x_wconf 29' lang='lat'><strong><em>¹</em></strong></span> 
     </span>
    </p>

    <p class='ocr_par' dir='ltr' id='par_1_19' title="bbox 199 1109 1229 1160">
     <span class='ocr_line' id='line_1_19' title="bbox 199 1109 1229 1160; baseline 0 -13"><span class='ocrx_word' id='word_1_109' title='bbox 199 1109 292 1156; x_wconf 78' lang='lat' dir='ltr'>Quae</span> <span class='ocrx_word' id='word_1_110' title='bbox 312 1110 466 1147; x_wconf 83' lang='lat' dir='ltr'>fortuna</span> <span class='ocrx_word' id='word_1_111' title='bbox 482 1109 573 1147; x_wconf 82' lang='lat' dir='ltr'>viris</span> <span class='ocrx_word' id='word_1_112' title='bbox 591 1126 598 1156; x_wconf 91' lang='lat'>;</span> <span class='ocrx_word' id='word_1_113' title='bbox 628 1110 784 1147; x_wconf 82' lang='lat' dir='ltr'>classem</span> <span class='ocrx_word' id='word_1_114' title='bbox 804 1124 878 1160; x_wconf 91' lang='lat' dir='ltr'>quo</span> <span class='ocrx_word' id='word_1_115' title='bbox 897 1110 1008 1148; x_wconf 86' lang='lat' dir='ltr'>litore</span> <span class='ocrx_word' id='word_1_116' title='bbox 1026 1110 1204 1160; x_wconf 85' lang='lat' dir='ltr'>linquant</span> <span class='ocrx_word' id='word_1_117' title='bbox 1221 1126 1229 1155; x_wconf 89' lang='lat'>;</span> 
     </span>
    </p>

    <p class='ocr_par' dir='ltr' id='par_1_20' title="bbox 198 1163 1206 1210">
     <span class='ocr_line' id='line_1_20' title="bbox 198 1163 1206 1210; baseline 0.001 -10"><span class='ocrx_word' id='word_1_118' title='bbox 198 1163 302 1209; x_wconf 80' lang='lat' dir='ltr'>Quid</span> <span class='ocrx_word' id='word_1_119' title='bbox 319 1163 475 1201; x_wconf 86' lang='lat' dir='ltr'>veniant</span> <span class='ocrx_word' id='word_1_120' title='bbox 490 1180 497 1201; x_wconf 75' lang='grc' dir='ltr'><strong><em>ε</em></strong></span> <span class='ocrx_word' id='word_1_121' title='bbox 527 1163 674 1201; x_wconf 86' lang='lat' dir='ltr'>cunctis</span> <span class='ocrx_word' id='word_1_122' title='bbox 693 1177 783 1200; x_wconf 84' lang='lat' dir='ltr'>nam</span> <span class='ocrx_word' id='word_1_123' title='bbox 800 1163 890 1201; x_wconf 87' lang='lat' dir='ltr'>lecti</span> <span class='ocrx_word' id='word_1_124' title='bbox 908 1163 1067 1201; x_wconf 82' lang='lat' dir='ltr'>navibus</span> <span class='ocrx_word' id='word_1_125' title='bbox 1084 1164 1206 1210; x_wconf 82' lang='lat' dir='ltr'>ibant,</span> 
     </span>
    </p>

    <p class='ocr_par' dir='ltr' id='par_1_21' title="bbox 197 1216 1295 1321">
     <span class='ocr_line' id='line_1_21' title="bbox 197 1216 1198 1267; baseline 0 -13"><span class='ocrx_word' id='word_1_126' title='bbox 197 1216 359 1254; x_wconf 86' lang='lat' dir='ltr'>Orantes</span> <span class='ocrx_word' id='word_1_127' title='bbox 377 1217 539 1263; x_wconf 83' lang='lat' dir='ltr'>veniam,</span> <span class='ocrx_word' id='word_1_128' title='bbox 559 1219 597 1254; x_wconf 90' lang='lat' dir='ltr'>et</span> <span class='ocrx_word' id='word_1_129' title='bbox 616 1216 805 1267; x_wconf 90' lang='lat' dir='ltr'>templum</span> <span class='ocrx_word' id='word_1_130' title='bbox 824 1217 985 1255; x_wconf 87' lang='lat' dir='ltr'>clamore</span> <span class='ocrx_word' id='word_1_131' title='bbox 1004 1217 1198 1267; x_wconf 86' lang='lat' dir='ltr'>petebant.</span> 
     </span>
     <span class='ocr_line' id='line_1_22' title="bbox 253 1270 1295 1321; baseline 0 -14"><span class='ocrx_word' id='word_1_132' title='bbox 253 1270 464 1321; x_wconf 87' lang='lat' dir='ltr'>Postquam</span> <span class='ocrx_word' id='word_1_133' title='bbox 482 1270 717 1321; x_wconf 87' lang='lat' dir='ltr'>introgressi,</span> <span class='ocrx_word' id='word_1_134' title='bbox 738 1272 776 1308; x_wconf 91' lang='lat' dir='ltr'>et</span> <span class='ocrx_word' id='word_1_135' title='bbox 797 1284 923 1308; x_wconf 85' lang='lat' dir='ltr'>coram</span> <span class='ocrx_word' id='word_1_136' title='bbox 944 1271 1035 1308; x_wconf 84' lang='lat' dir='ltr'>data</span> <span class='ocrx_word' id='word_1_137' title='bbox 1053 1271 1161 1320; x_wconf 86' lang='lat' dir='ltr'>copia</span> <span class='ocrx_word' id='word_1_138' title='bbox 1178 1270 1295 1314; x_wconf 87' lang='lat' dir='ltr'>fandi,</span> 
     </span>
    </p>

    <p class='ocr_par' dir='ltr' id='par_1_22' title="bbox 199 1323 1150 1374">
     <span class='ocr_line' id='line_1_23' title="bbox 199 1323 1150 1374; baseline 0.001 -14"><span class='ocrx_word' id='word_1_139' title='bbox 199 1323 393 1361; x_wconf 76' lang='lat' dir='ltr'>Maximus</span> <span class='ocrx_word' id='word_1_140' title='bbox 413 1323 580 1361; x_wconf 85' lang='lat' dir='ltr'>Ilioneus</span> <span class='ocrx_word' id='word_1_141' title='bbox 599 1323 746 1374; x_wconf 87' lang='lat' dir='ltr'>placido</span> <span class='ocrx_word' id='word_1_142' title='bbox 766 1324 819 1361; x_wconf 86' lang='lat' dir='ltr'>sic</span> <span class='ocrx_word' id='word_1_143' title='bbox 838 1326 990 1374; x_wconf 88' lang='lat' dir='ltr'>pectore</span> <span class='ocrx_word' id='word_1_144' title='bbox 1009 1324 1126 1374; x_wconf 81' lang='lat' dir='ltr'>coepit</span> <span class='ocrx_word' id='word_1_145' title='bbox 1142 1341 1150 1362; x_wconf 75' lang='grc' dir='ltr'>ε</span> 
     </span>
    </p>

    <p class='ocr_par' dir='ltr' id='par_1_23' title="bbox 199 1377 1192 1428">
     <span class='ocr_line' id='line_1_24' title="bbox 199 1377 1192 1428; baseline 0.002 -14"><span class='ocrx_word' id='word_1_146' title='bbox 199 1379 221 1396; x_wconf 83' lang='grc'><strong>“</strong></span> <span class='ocrx_word' id='word_1_147' title='bbox 234 1377 268 1414; x_wconf 92' lang='grc' dir='ltr'>Ο</span> <span class='ocrx_word' id='word_1_148' title='bbox 287 1377 449 1428; x_wconf 82' lang='lat' dir='ltr'>Regina,</span> <span class='ocrx_word' id='word_1_149' title='bbox 468 1391 607 1415; x_wconf 87' lang='lat' dir='ltr'>novam</span> <span class='ocrx_word' id='word_1_150' title='bbox 626 1378 686 1415; x_wconf 90' lang='lat' dir='ltr'>cui</span> <span class='ocrx_word' id='word_1_151' title='bbox 705 1377 865 1415; x_wconf 86' lang='lat' dir='ltr'>condere</span> <span class='ocrx_word' id='word_1_152' title='bbox 884 1377 1040 1428; x_wconf 79' lang='lat' dir='ltr'>Jupiter</span> <span class='ocrx_word' id='word_1_153' title='bbox 1058 1378 1192 1416; x_wconf 88' lang='lat' dir='ltr'>urbem</span> 
     </span>
    </p>

    <p class='ocr_par' dir='ltr' id='par_1_24' title="bbox 199 1430 1088 1481">
     <span class='ocr_line' id='line_1_25' title="bbox 199 1430 1088 1481; baseline 0.002 -14"><span class='ocrx_word' id='word_1_154' title='bbox 199 1430 228 1467; x_wconf 85' lang='lat' dir='ltr'><strong>J</strong></span> <span class='ocrx_word' id='word_1_155' title='bbox 230 1430 436 1481; x_wconf 81' lang='lat' dir='ltr'>ustitiaque</span> <span class='ocrx_word' id='word_1_156' title='bbox 456 1431 560 1468; x_wconf 83' lang='lat' dir='ltr'>dedit</span> <span class='ocrx_word' id='word_1_157' title='bbox 580 1433 714 1481; x_wconf 86' lang='lat' dir='ltr'>gentes</span> <span class='ocrx_word' id='word_1_158' title='bbox 732 1431 878 1469; x_wconf 85' lang='lat' dir='ltr'>frenare</span> <span class='ocrx_word' id='word_1_159' title='bbox 897 1431 1088 1481; x_wconf 86' lang='lat' dir='ltr'>superbas,</span> 
     </span>
    </p>

    <p class='ocr_par' dir='ltr' id='par_1_25' title="bbox 200 1483 1096 1531">
     <span class='ocr_line' id='line_1_26' title="bbox 200 1483 1096 1531; baseline 0.001 -10"><span class='ocrx_word' id='word_1_160' title='bbox 200 1483 320 1522; x_wconf 76' lang='lat' dir='ltr'>Tro&#39;es</span> <span class='ocrx_word' id='word_1_161' title='bbox 339 1486 378 1522; x_wconf 86' lang='lat' dir='ltr'>te</span> <span class='ocrx_word' id='word_1_162' title='bbox 396 1484 535 1531; x_wconf 88' lang='lat' dir='ltr'>miseri,</span> <span class='ocrx_word' id='word_1_163' title='bbox 554 1485 680 1522; x_wconf 86' lang='lat' dir='ltr'>ventis</span> <span class='ocrx_word' id='word_1_164' title='bbox 699 1485 818 1522; x_wconf 86' lang='lat' dir='ltr'>maria</span> <span class='ocrx_word' id='word_1_165' title='bbox 837 1485 965 1522; x_wconf 87' lang='lat' dir='ltr'>omnia</span> <span class='ocrx_word' id='word_1_166' title='bbox 982 1485 1096 1531; x_wconf 83' lang='lat' dir='ltr'>vecti,</span> 
     </span>
    </p>

    <p class='ocr_par' dir='ltr' id='par_1_26' title="bbox 200 1537 1133 1588">
     <span class='ocr_line' id='line_1_27' title="bbox 200 1537 1133 1588; baseline 0.001 -14"><span class='ocrx_word' id='word_1_167' title='bbox 200 1537 384 1575; x_wconf 84' lang='lat' dir='ltr'>Oramus:</span> <span class='ocrx_word' id='word_1_168' title='bbox 413 1538 570 1588; x_wconf 87' lang='lat' dir='ltr'>prohibe</span> <span class='ocrx_word' id='word_1_169' title='bbox 588 1538 763 1575; x_wconf 87' lang='lat' dir='ltr'>infandos</span> <span class='ocrx_word' id='word_1_170' title='bbox 782 1552 805 1575; x_wconf 87' lang='lat' dir='ltr'>a</span> <span class='ocrx_word' id='word_1_171' title='bbox 823 1538 983 1576; x_wconf 81' lang='lat' dir='ltr'>navibus</span> <span class='ocrx_word' id='word_1_172' title='bbox 1003 1538 1133 1588; x_wconf 83' lang='lat' dir='ltr'>ignes3</span> 
     </span>
    </p>

    <p class='ocr_par' dir='ltr' id='par_1_27' title="bbox 199 1590 1190 1642">
     <span class='ocr_line' id='line_1_28' title="bbox 199 1590 1190 1642; baseline 0.001 -15"><span class='ocrx_word' id='word_1_173' title='bbox 199 1590 318 1628; x_wconf 82' lang='lat' dir='ltr'>Parce</span> <span class='ocrx_word' id='word_1_174' title='bbox 336 1590 399 1640; x_wconf 84' lang='lat' dir='ltr'>pio</span> <span class='ocrx_word' id='word_1_175' title='bbox 418 1591 557 1641; x_wconf 81' lang='lat' dir='ltr'>generi,</span> <span class='ocrx_word' id='word_1_176' title='bbox 578 1594 616 1628; x_wconf 90' lang='lat' dir='ltr'>et</span> <span class='ocrx_word' id='word_1_177' title='bbox 635 1592 789 1642; x_wconf 86' lang='lat' dir='ltr'>propius</span> <span class='ocrx_word' id='word_1_178' title='bbox 808 1605 866 1629; x_wconf 84' lang='lat' dir='ltr'>res</span> <span class='ocrx_word' id='word_1_179' title='bbox 886 1592 1009 1642; x_wconf 81' lang='lat' dir='ltr'>aspice</span> <span class='ocrx_word' id='word_1_180' title='bbox 1028 1594 1190 1629; x_wconf 88' lang='lat' dir='ltr'>nostras.</span> 
     </span>
    </p>

    <p class='ocr_par' dir='ltr' id='par_1_28' title="bbox 198 1644 1136 1695">
     <span class='ocr_line' id='line_1_29' title="bbox 198 1644 1136 1695; baseline 0.002 -15"><span class='ocrx_word' id='word_1_181' title='bbox 198 1644 293 1681; x_wconf 88' lang='lat' dir='ltr'>Non</span> <span class='ocrx_word' id='word_1_182' title='bbox 310 1657 379 1681; x_wconf 86' lang='lat' dir='ltr'>nos</span> <span class='ocrx_word' id='word_1_183' title='bbox 398 1646 465 1681; x_wconf 90' lang='lat' dir='ltr'>aut</span> <span class='ocrx_word' id='word_1_184' title='bbox 483 1644 581 1682; x_wconf 89' lang='lat' dir='ltr'>ferro</span> <span class='ocrx_word' id='word_1_185' title='bbox 600 1644 765 1695; x_wconf 81' lang='lat' dir='ltr'>Libycos</span> <span class='ocrx_word' id='word_1_186' title='bbox 784 1645 962 1695; x_wconf 84' lang='lat' dir='ltr'>populare</span> <span class='ocrx_word' id='word_1_187' title='bbox 980 1647 1136 1695; x_wconf 85' lang='lat' dir='ltr'>penates</span> 
     </span>
    </p>

    <p class='ocr_par' dir='ltr' id='par_1_29' title="bbox 197 1696 1176 1748">
     <span class='ocr_line' id='line_1_30' title="bbox 197 1696 1176 1748; baseline 0.001 -14"><span class='ocrx_word' id='word_1_188' title='bbox 197 1696 396 1743; x_wconf 82' lang='lat' dir='ltr'>Venimus,</span> <span class='ocrx_word' id='word_1_189' title='bbox 415 1699 483 1734; x_wconf 88' lang='lat' dir='ltr'>aut</span> <span class='ocrx_word' id='word_1_190' title='bbox 500 1700 627 1748; x_wconf 86' lang='lat' dir='ltr'>raptas</span> <span class='ocrx_word' id='word_1_191' title='bbox 647 1698 694 1735; x_wconf 91' lang='lat' dir='ltr'>ad</span> <span class='ocrx_word' id='word_1_192' title='bbox 711 1698 824 1735; x_wconf 86' lang='lat' dir='ltr'>litora</span> <span class='ocrx_word' id='word_1_193' title='bbox 841 1700 988 1736; x_wconf 82' lang='lat' dir='ltr'>vertere</span> <span class='ocrx_word' id='word_1_194' title='bbox 1005 1698 1154 1748; x_wconf 87' lang='lat' dir='ltr'>praedas</span> <span class='ocrx_word' id='word_1_195' title='bbox 1168 1714 1176 1735; x_wconf 89' lang='lat'>:</span> 
     </span>
    </p>

    <p class='ocr_par' dir='ltr' id='par_1_30' title="bbox 199 1750 1138 1801">
     <span class='ocr_line' id='line_1_31' title="bbox 199 1750 1138 1801; baseline 0.001 -14"><span class='ocrx_word' id='word_1_196' title='bbox 199 1750 293 1787; x_wconf 88' lang='lat' dir='ltr'>Non</span> <span class='ocrx_word' id='word_1_197' title='bbox 313 1764 356 1787; x_wconf 86' lang='lat' dir='ltr'>ea</span> <span class='ocrx_word' id='word_1_198' title='bbox 373 1751 429 1788; x_wconf 82' lang='lat' dir='ltr'>Vis</span> <span class='ocrx_word' id='word_1_199' title='bbox 449 1751 587 1797; x_wconf 80' lang='lat' dir='ltr'>animo,</span> <span class='ocrx_word' id='word_1_200' title='bbox 606 1764 674 1788; x_wconf 87' lang='lat' dir='ltr'>nec</span> <span class='ocrx_word' id='word_1_201' title='bbox 693 1753 804 1788; x_wconf 83' lang='lat' dir='ltr'>tanta</span> <span class='ocrx_word' id='word_1_202' title='bbox 823 1751 997 1801; x_wconf 87' lang='lat' dir='ltr'>superbia</span> <span class='ocrx_word' id='word_1_203' title='bbox 1013 1751 1138 1788; x_wconf 80' lang='lat' dir='ltr'>Victis.</span> 
     </span>
    </p>

    <p class='ocr_par' dir='ltr' id='par_1_31' title="bbox 198 1803 1193 1855">
     <span class='ocr_line' id='line_1_32' title="bbox 198 1803 1193 1855; baseline 0.002 -15"><span class='ocrx_word' id='word_1_204' title='bbox 198 1803 275 1840; x_wconf 87' lang='lat' dir='ltr'>Est</span> <span class='ocrx_word' id='word_1_205' title='bbox 293 1804 409 1849; x_wconf 89' lang='lat' dir='ltr'>locus,</span> <span class='ocrx_word' id='word_1_206' title='bbox 430 1804 656 1854; x_wconf 81' lang='lat' dir='ltr'>Hesperiam</span> <span class='ocrx_word' id='word_1_207' title='bbox 676 1804 783 1842; x_wconf 79' lang='lat' dir='ltr'>Graii</span> <span class='ocrx_word' id='word_1_208' title='bbox 803 1805 1028 1855; x_wconf 87' lang='lat' dir='ltr'>cognomine</span> <span class='ocrx_word' id='word_1_209' title='bbox 1048 1804 1193 1851; x_wconf 87' lang='lat' dir='ltr'>dicunt,</span> 
     </span>
    </p>

    <p class='ocr_par' dir='ltr' id='par_1_32' title="bbox 198 1857 1221 1909">
     <span class='ocr_line' id='line_1_33' title="bbox 198 1857 1221 1909; baseline 0.001 -15"><span class='ocrx_word' id='word_1_210' title='bbox 198 1857 316 1894; x_wconf 88' lang='lat' dir='ltr'>Terra</span> <span class='ocrx_word' id='word_1_211' title='bbox 335 1857 502 1907; x_wconf 85' lang='lat' dir='ltr'>antiqua,</span> <span class='ocrx_word' id='word_1_212' title='bbox 521 1859 655 1908; x_wconf 88' lang='lat' dir='ltr'>potens</span> <span class='ocrx_word' id='word_1_213' title='bbox 678 1858 790 1895; x_wconf 85' lang='lat' dir='ltr'>armis</span> <span class='ocrx_word' id='word_1_214' title='bbox 811 1860 924 1908; x_wconf 88' lang='lat' dir='ltr'>atque</span> <span class='ocrx_word' id='word_1_215' title='bbox 944 1859 1057 1896; x_wconf 90' lang='lat' dir='ltr'>ubere</span> <span class='ocrx_word' id='word_1_216' title='bbox 1076 1858 1198 1909; x_wconf 86' lang='lat' dir='ltr'>glebae</span> <span class='ocrx_word' id='word_1_217' title='bbox 1214 1874 1221 1895; x_wconf 74' lang='grc' dir='ltr'>ε</span> 
     </span>
    </p>

    <p class='ocr_par' dir='ltr' id='par_1_33' title="bbox 199 1910 1079 1958">
     <span class='ocr_line' id='line_1_34' title="bbox 199 1910 1079 1958; baseline 0.002 -11"><span class='ocrx_word' id='word_1_218' title='bbox 199 1910 355 1948; x_wconf 84' lang='lat' dir='ltr'>OEnotri</span> <span class='ocrx_word' id='word_1_219' title='bbox 374 1911 521 1949; x_wconf 89' lang='lat' dir='ltr'>coluere</span> <span class='ocrx_word' id='word_1_220' title='bbox 539 1911 612 1948; x_wconf 78' lang='lat' dir='ltr'>viri</span> <span class='ocrx_word' id='word_1_221' title='bbox 629 1928 636 1958; x_wconf 76' lang='lat'><em>3</em></span> <span class='ocrx_word' id='word_1_222' title='bbox 664 1925 764 1949; x_wconf 83' lang='lat' dir='ltr'>nunc</span> <span class='ocrx_word' id='word_1_223' title='bbox 784 1911 895 1958; x_wconf 82' lang='lat' dir='ltr'>fama,</span> <span class='ocrx_word' id='word_1_224' title='bbox 915 1912 1079 1949; x_wconf 90' lang='lat' dir='ltr'>minores</span> 
     </span>
    </p>

    <p class='ocr_par' dir='ltr' id='par_1_34' title="bbox 198 1963 1057 2016">
     <span class='ocr_line' id='line_1_35' title="bbox 198 1963 1057 2016; baseline 0.001 -15"><span class='ocrx_word' id='word_1_225' title='bbox 198 1963 354 2001; x_wconf 84' lang='lat' dir='ltr'>Italiam</span> <span class='ocrx_word' id='word_1_226' title='bbox 374 1964 511 2002; x_wconf 80' lang='lat' dir='ltr'>dixisse</span> <span class='ocrx_word' id='word_1_227' title='bbox 530 1964 635 2002; x_wconf 89' lang='lat' dir='ltr'>ducis</span> <span class='ocrx_word' id='word_1_228' title='bbox 654 1965 699 2003; x_wconf 88' lang='lat' dir='ltr'>de</span> <span class='ocrx_word' id='word_1_229' title='bbox 718 1965 871 2002; x_wconf 86' lang='lat' dir='ltr'>nomine</span> <span class='ocrx_word' id='word_1_230' title='bbox 890 1967 1057 2016; x_wconf 87' lang='lat' dir='ltr'>gentem.</span> 
     </span>
    </p>

    <p class='ocr_par' dir='ltr' id='par_1_35' title="bbox 196 2017 557 2064">
     <span class='ocr_line' id='line_1_36' title="bbox 196 2017 557 2064; baseline 0.003 -10"><span class='ocrx_word' id='word_1_231' title='bbox 196 2017 289 2055; x_wconf 92' lang='lat' dir='ltr'>Huc</span> <span class='ocrx_word' id='word_1_232' title='bbox 309 2031 439 2055; x_wconf 88' lang='lat' dir='ltr'>cursus</span> <span class='ocrx_word' id='word_1_233' title='bbox 458 2018 532 2055; x_wconf 87' lang='lat' dir='ltr'>fuit</span> <span class='ocrx_word' id='word_1_234' title='bbox 549 2034 557 2064; x_wconf 84' lang='lat'>3</span> 
     </span>
    </p>

    <p class='ocr_par' dir='ltr' id='par_1_36' title="bbox 197 2070 1183 2122">
     <span class='ocr_line' id='line_1_37' title="bbox 197 2070 1183 2122; baseline 0.001 -14"><span class='ocrx_word' id='word_1_235' title='bbox 197 2070 325 2117; x_wconf 77' lang='lat' dir='ltr'>Quum</span> <span class='ocrx_word' id='word_1_236' title='bbox 346 2071 473 2109; x_wconf 89' lang='lat' dir='ltr'>subito</span> <span class='ocrx_word' id='word_1_237' title='bbox 492 2085 691 2122; x_wconf 82' lang='lat' dir='ltr'>assurgens</span> <span class='ocrx_word' id='word_1_238' title='bbox 710 2072 832 2109; x_wconf 88' lang='lat' dir='ltr'>fluctu</span> <span class='ocrx_word' id='word_1_239' title='bbox 849 2071 1044 2109; x_wconf 81' lang='lat' dir='ltr'>nimbosus</span> <span class='ocrx_word' id='word_1_240' title='bbox 1065 2071 1183 2109; x_wconf 88' lang='lat' dir='ltr'>Orion</span> 
     </span>
    </p>

    <p class='ocr_par' dir='ltr' id='par_1_37' title="bbox 195 2123 1239 2176">
     <span class='ocr_line' id='line_1_38' title="bbox 195 2123 1239 2176; baseline 0.002 -16"><span class='ocrx_word' id='word_1_241' title='bbox 195 2123 245 2161; x_wconf 91' lang='lat' dir='ltr'>In</span> <span class='ocrx_word' id='word_1_242' title='bbox 263 2125 360 2162; x_wconf 84' lang='lat' dir='ltr'>vada</span> <span class='ocrx_word' id='word_1_243' title='bbox 378 2138 474 2163; x_wconf 87' lang='lat' dir='ltr'>caeca</span> <span class='ocrx_word' id='word_1_244' title='bbox 490 2125 594 2171; x_wconf 88' lang='lat' dir='ltr'>tulit,</span> <span class='ocrx_word' id='word_1_245' title='bbox 614 2125 841 2175; x_wconf 88' lang='lat' dir='ltr'>penitusque</span> <span class='ocrx_word' id='word_1_246' title='bbox 859 2125 1079 2176; x_wconf 81' lang='lat' dir='ltr'>procacibus</span> <span class='ocrx_word' id='word_1_247' title='bbox 1099 2124 1239 2163; x_wconf 85' lang='lat' dir='ltr'>austris</span> 
     </span>
    </p>

    <p class='ocr_par' dir='ltr' id='par_1_38' title="bbox 196 2176 1209 2229">
     <span class='ocr_line' id='line_1_39' title="bbox 196 2176 1209 2229; baseline 0.001 -14"><span class='ocrx_word' id='word_1_248' title='bbox 196 2176 344 2228; x_wconf 88' lang='lat' dir='ltr'>Perque</span> <span class='ocrx_word' id='word_1_249' title='bbox 362 2179 494 2226; x_wconf 86' lang='lat' dir='ltr'>undas,</span> <span class='ocrx_word' id='word_1_250' title='bbox 512 2181 714 2229; x_wconf 86' lang='lat' dir='ltr'>superante</span> <span class='ocrx_word' id='word_1_251' title='bbox 733 2179 823 2226; x_wconf 85' lang='lat' dir='ltr'>salo,</span> <span class='ocrx_word' id='word_1_252' title='bbox 841 2193 981 2229; x_wconf 90' lang='lat' dir='ltr'>perque</span> <span class='ocrx_word' id='word_1_253' title='bbox 999 2179 1102 2216; x_wconf 85' lang='lat' dir='ltr'>invia</span> <span class='ocrx_word' id='word_1_254' title='bbox 1120 2192 1209 2216; x_wconf 80' lang='lat' dir='ltr'>saxa</span> 
     </span>
    </p>

    <p class='ocr_par' dir='ltr' id='par_1_39' title="bbox 195 2230 1158 2282">
     <span class='ocr_line' id='line_1_40' title="bbox 195 2230 1158 2282; baseline 0.001 -14"><span class='ocrx_word' id='word_1_255' title='bbox 195 2230 380 2282; x_wconf 89' lang='lat' dir='ltr'>Dispulit.</span> <span class='ocrx_word' id='word_1_256' title='bbox 435 2232 527 2270; x_wconf 89' lang='lat' dir='ltr'>Huc</span> <span class='ocrx_word' id='word_1_257' title='bbox 546 2232 656 2282; x_wconf 88' lang='lat' dir='ltr'>pauci</span> <span class='ocrx_word' id='word_1_258' title='bbox 673 2232 810 2270; x_wconf 86' lang='lat' dir='ltr'>Vestris</span> <span class='ocrx_word' id='word_1_259' title='bbox 829 2233 1052 2270; x_wconf 81' lang='lat' dir='ltr'>adnavimus</span> <span class='ocrx_word' id='word_1_260' title='bbox 1073 2233 1158 2271; x_wconf 89' lang='lat' dir='ltr'>oris.</span> 
     </span>
    </p>

    <p class='ocr_par' dir='ltr' id='par_1_40' title="bbox 198 2284 1468 2337">
     <span class='ocr_line' id='line_1_41' title="bbox 198 2284 1468 2337; baseline 0.001 -15"><span class='ocrx_word' id='word_1_261' title='bbox 198 2284 309 2331; x_wconf 80' lang='lat' dir='ltr'>Quod</span> <span class='ocrx_word' id='word_1_262' title='bbox 323 2299 443 2336; x_wconf 88' lang='lat' dir='ltr'>genus</span> <span class='ocrx_word' id='word_1_263' title='bbox 457 2285 530 2324; x_wconf 86' lang='lat' dir='ltr'>hoc</span> <span class='ocrx_word' id='word_1_264' title='bbox 544 2286 744 2324; x_wconf 89' lang='lat' dir='ltr'>hominum</span> <span class='ocrx_word' id='word_1_265' title='bbox 759 2285 776 2325; x_wconf 73' lang='lat' dir='ltr'>P</span> <span class='ocrx_word' id='word_1_266' title='bbox 797 2300 925 2337; x_wconf 81' lang='lat' dir='ltr'>quaeve</span> <span class='ocrx_word' id='word_1_267' title='bbox 939 2286 1042 2324; x_wconf 87' lang='lat' dir='ltr'>hunc</span> <span class='ocrx_word' id='word_1_268' title='bbox 1053 2288 1136 2324; x_wconf 85' lang='lat' dir='ltr'>tam</span> <span class='ocrx_word' id='word_1_269' title='bbox 1149 2286 1309 2324; x_wconf 85' lang='lat' dir='ltr'>barbara</span> <span class='ocrx_word' id='word_1_270' title='bbox 1322 2298 1468 2323; x_wconf 90' lang='lat' dir='ltr'>morem</span> 
     </span>
    </p>

    <p class='ocr_par' dir='ltr' id='par_1_41' title="bbox 196 2336 1192 2391">
     <span class='ocr_line' id='line_1_42' title="bbox 196 2336 1192 2391; baseline 0.002 -16"><span class='ocrx_word' id='word_1_271' title='bbox 196 2336 396 2376; x_wconf 74' lang='lat' dir='ltr'>Permittit</span> <span class='ocrx_word' id='word_1_272' title='bbox 414 2339 569 2389; x_wconf 82' lang='lat' dir='ltr'>patria?</span> <span class='ocrx_word' id='word_1_273' title='bbox 597 2340 765 2391; x_wconf 86' lang='lat' dir='ltr'>hospitio</span> <span class='ocrx_word' id='word_1_274' title='bbox 784 2340 1031 2390; x_wconf 89' lang='lat' dir='ltr'>prohibemur</span> <span class='ocrx_word' id='word_1_275' title='bbox 1049 2340 1192 2377; x_wconf 85' lang='lat' dir='ltr'>arenae!</span> 
     </span>
    </p>

    <p class='ocr_par' dir='ltr' id='par_1_42' title="bbox 196 2390 1159 2444">
     <span class='ocr_line' id='line_1_43' title="bbox 196 2390 1159 2444; baseline 0.003 -16"><span class='ocrx_word' id='word_1_276' title='bbox 196 2390 304 2429; x_wconf 85' lang='lat' dir='ltr'>Bella</span> <span class='ocrx_word' id='word_1_277' title='bbox 322 2392 435 2440; x_wconf 88' lang='lat' dir='ltr'>cient,</span> <span class='ocrx_word' id='word_1_278' title='bbox 454 2393 650 2444; x_wconf 88' lang='lat' dir='ltr'>primaque</span> <span class='ocrx_word' id='word_1_279' title='bbox 667 2395 803 2431; x_wconf 86' lang='lat' dir='ltr'>vetant</span> <span class='ocrx_word' id='word_1_280' title='bbox 823 2394 1027 2432; x_wconf 87' lang='lat' dir='ltr'>consistere</span> <span class='ocrx_word' id='word_1_281' title='bbox 1046 2395 1159 2431; x_wconf 87' lang='lat' dir='ltr'>terra.</span> 
     </span>
    </p>

    <p class='ocr_par' dir='ltr' id='par_1_43' title="bbox 195 2443 1181 2495">
     <span class='ocr_line' id='line_1_44' title="bbox 195 2443 1181 2495; baseline 0.003 -14"><span class='ocrx_word' id='word_1_282' title='bbox 195 2443 237 2481; x_wconf 81' lang='lat' dir='ltr'>Si</span> <span class='ocrx_word' id='word_1_283' title='bbox 254 2458 372 2495; x_wconf 88' lang='lat' dir='ltr'>genus</span> <span class='ocrx_word' id='word_1_284' title='bbox 390 2446 602 2484; x_wconf 86' lang='lat' dir='ltr'>humanum</span> <span class='ocrx_word' id='word_1_285' title='bbox 621 2449 660 2485; x_wconf 86' lang='lat' dir='ltr'>et</span> <span class='ocrx_word' id='word_1_286' title='bbox 678 2447 855 2485; x_wconf 83' lang='lat' dir='ltr'>mortalia</span> <span class='ocrx_word' id='word_1_287' title='bbox 871 2447 1046 2485; x_wconf 87' lang='lat' dir='ltr'>temnitis</span> <span class='ocrx_word' id='word_1_288' title='bbox 1065 2460 1181 2494; x_wconf 88' lang='lat' dir='ltr'>arma,</span> 
     </span>
    </p>

    <p class='ocr_par' dir='ltr' id='par_1_44' title="bbox 195 2497 1166 2551">
     <span class='ocr_line' id='line_1_45' title="bbox 195 2497 1166 2551; baseline 0.004 -17"><span class='ocrx_word' id='word_1_289' title='bbox 195 2497 252 2534; x_wconf 90' lang='lat' dir='ltr'>At</span> <span class='ocrx_word' id='word_1_290' title='bbox 270 2501 415 2548; x_wconf 86' lang='lat' dir='ltr'>sperate</span> <span class='ocrx_word' id='word_1_291' title='bbox 436 2500 523 2538; x_wconf 90' lang='lat' dir='ltr'>deos</span> <span class='ocrx_word' id='word_1_292' title='bbox 542 2514 727 2538; x_wconf 86' lang='lat' dir='ltr'>memores</span> <span class='ocrx_word' id='word_1_293' title='bbox 746 2501 850 2538; x_wconf 87' lang='lat' dir='ltr'>fandi</span> <span class='ocrx_word' id='word_1_294' title='bbox 869 2503 984 2551; x_wconf 88' lang='lat' dir='ltr'>atque</span> <span class='ocrx_word' id='word_1_295' title='bbox 1002 2501 1166 2538; x_wconf 77' lang='lat' dir='ltr'>nefandi.</span> 
     </span>
    </p>

    <p class='ocr_par' dir='ltr' id='par_1_45' title="bbox 196 2549 1044 2605">
     <span class='ocr_line' id='line_1_46' title="bbox 196 2549 1044 2605; baseline 0.006 -19"><span class='ocrx_word' id='word_1_296' title='bbox 196 2549 282 2587; x_wconf 82' lang='lat' dir='ltr'>Rex</span> <span class='ocrx_word' id='word_1_297' title='bbox 300 2554 380 2589; x_wconf 87' lang='lat' dir='ltr'>erat</span> <span class='ocrx_word' id='word_1_298' title='bbox 398 2553 538 2591; x_wconf 85' lang='lat' dir='ltr'>AEneas</span> <span class='ocrx_word' id='word_1_299' title='bbox 557 2554 678 2601; x_wconf 87' lang='lat' dir='ltr'>nobis,</span> <span class='ocrx_word' id='word_1_300' title='bbox 699 2568 773 2604; x_wconf 91' lang='lat' dir='ltr'>quo</span> <span class='ocrx_word' id='word_1_301' title='bbox 786 2554 928 2605; x_wconf 84' lang='lat' dir='ltr'>justior</span> <span class='ocrx_word' id='word_1_302' title='bbox 947 2554 1044 2591; x_wconf 82' lang='lat' dir='ltr'>alter</span> 
     </span>
    </p>

    <p class='ocr_par' dir='ltr' id='par_1_46' title="bbox 197 2603 1091 2659">
     <span class='ocr_line' id='line_1_47' title="bbox 197 2603 1091 2659; baseline 0.006 -19"><span class='ocrx_word' id='word_1_303' title='bbox 197 2603 280 2641; x_wconf 87' lang='lat' dir='ltr'>Nec</span> <span class='ocrx_word' id='word_1_304' title='bbox 297 2604 439 2655; x_wconf 84' lang='lat' dir='ltr'>pietate</span> <span class='ocrx_word' id='word_1_305' title='bbox 457 2607 532 2644; x_wconf 88' lang='lat' dir='ltr'>fuit</span> <span class='ocrx_word' id='word_1_306' title='bbox 551 2621 620 2645; x_wconf 90' lang='lat' dir='ltr'>nec</span> <span class='ocrx_word' id='word_1_307' title='bbox 637 2607 736 2646; x_wconf 86' lang='lat' dir='ltr'>bello</span> <span class='ocrx_word' id='word_1_308' title='bbox 756 2609 877 2659; x_wconf 86' lang='lat' dir='ltr'>major</span> <span class='ocrx_word' id='word_1_309' title='bbox 896 2609 935 2645; x_wconf 88' lang='lat' dir='ltr'>et</span> <span class='ocrx_word' id='word_1_310' title='bbox 955 2607 1091 2645; x_wconf 81' lang='lat' dir='ltr'>armis:</span> 
     </span>
    </p>
   </div>
  </div>
 </body>
</html>
