1705 2744
258 92 336 129 238
664 103 699 129 P.
719 102 906 130 VIBGILII
925 103 1113 132 MARONIS

259 196 377 234 Hunc
394 196 523 242 habet,
543 198 658 246 atque
677 197 844 235 humeris
864 201 1078 237 exstantem
1097 200 1254 250 suspicit
1273 201 1361 240 altis
1375 219 1437 241 :—

259 253 279 269 “
293 250 434 295 Dicite,
455 250 580 287 felices
600 250 746 296 animae,
766 254 896 301 tuque,
916 253 1059 302 optime
1078 256 1206 300 vates3

258 303 354 349 Quae
374 303 478 353 regio
498 303 703 349 Anchisen,
724 304 807 352 quis
826 305 942 342 habet
961 305 1064 343 locus
1080 305 1097 343 Ρ
1125 306 1226 344 illius
1246 320 1336 359 ergo

258 355 454 401 Venimus,
474 358 513 393 et
533 369 690 406 magnos
712 356 828 394 Erebi
846 359 1082 395 tranavimus
1102 361 1271 397 amneS.''

258 410 387 458 Atque
405 409 493 446 huic
512 422 734 458 responsum
752 410 880 459 paucis
898 411 955 448 ita
972 412 1137 449 reddidit
1157 413 1289 451 heros:

259 465 280 481 “
296 462 406 499 Nulli
425 465 527 499 certa
546 462 701 499 domus:
731 463 824 500 lucis
844 463 1061 502 habitamus
1081 466 1216 514 opacis,

259 514 520 565 Riparumque
539 519 644 552 toros
663 518 702 552 et
721 520 831 565 prata
849 517 1015 554 recentia
1033 518 1122 555 rivis

259 568 479 606 Incolimus.
535 568 609 605 Sed
626 582 705 615 vos,
725 569 757 605 si
775 569 849 606 fert
868 569 924 606 ita
942 571 1052 608 corde
1071 571 1260 618 volunta-s,

258 621 346 659 Hoc
366 623 540 671 superate
553 621 714 672 jugum:
744 624 783 659 et
802 622 902 659 facili
915 623 996 673 jam
1014 624 1170 662 tramite
1189 625 1362 663 sistam.”

258 674 382 721 Dixit,
401 677 440 712 et
459 677 548 712 ante
567 674 659 712 tulit
677 688 860 724 gressum,
879 689 1105 727 camposque
1123 677 1291 715 nitentes

258 727 432 778 Desuper
450 730 643 773 ostentat;
672 728 807 766 dehinc
827 742 976 766 summa
995 730 1191 768 cacumina
1208 731 1400 782 linquunt.

310 781 367 818 At
385 783 493 831 pater
511 780 696 818 Anchises
715 781 866 831 penitus
887 783 1055 821 convalle
1074 784 1214 821 virenti

258 833 432 871 Inclusas
451 834 606 880 animas,
625 847 876 884 superumque
894 835 942 872 ad
958 835 1087 874 lumen
1105 837 1237 884 ituras,

258 886 468 925 Lustrabat
487 887 614 925 studio
633 887 811 934 recolens,
831 902 1057 938 omnemque
1076 903 1231 928 suorum

259 939 376 978 Forte
395 940 612 978 recensebat
630 954 842 987 numerum,
863 955 1040 992 carosque
1058 946 1226 993 nepotes,

258 993 442 1044 Fataque,
461 994 706 1044 fortunasque
726 994 860 1040 virum,
880 1008 1086 1045 moresque,
1106 1010 1326 1047 manusque.

258 1045 373 1096 Isque
392 1047 458 1084 ubi
475 1047 698 1084 tendentem
717 1048 915 1085 adversum
934 1062 1000 1098 per
1018 1049 1191 1099 gramina
1209 1051 1306 1088 vidit

256 1099 416 1146 AEnean,
436 1100 567 1137 alacris
585 1100 730 1150 palmas
749 1103 930 1150 utrasque
948 1103 1115 1139 tetendit
1130 1119 1138 1149 3

257 1152 471 1203 Effusaeque
490 1153 597 1203 genis
616 1153 801 1200 lacrimae3
830 1157 869 1191 et
887 1168 961 1192 vox
980 1155 1119 1193 excidit
1139 1169 1224 1194 ore:

257 1208 278 1224 “
294 1205 445 1243 Venisti
462 1206 630 1252 tandem,
648 1209 790 1256 tuaque
809 1210 979 1257 spectata
996 1209 1147 1258 parenti

255 1258 360 1296 Vicit
378 1259 453 1296 iter
472 1259 608 1296 durum
627 1259 747 1309 pietas
763 1260 780 1297 Ρ
809 1261 922 1297 datur
941 1274 1005 1298 ora
1023 1261 1134 1307 tueri,

254 1311 371 1358 Nate,
389 1316 469 1358 tua,
488 1315 528 1350 et
546 1315 657 1350 notas
676 1313 804 1350 audire
824 1316 862 1350 et
880 1314 1034 1351 reddere
1054 1328 1162 1352 voces
1177 1314 1196 1353 Ρ

255 1364 316 1402 Sic
336 1366 510 1415 equidem
529 1366 712 1403 ducebam
731 1366 868 1412 animo,
888 1367 1068 1417 rebarque
1087 1367 1273 1414 futurum,

255 1418 444 1468 Tempora
462 1419 726 1465 dinumerans3
754 1433 823 1456 nec
843 1433 903 1456 me
922 1433 1006 1457 mea
1025 1434 1114 1458 cura
1132 1420 1278 1458 fefellit.

255 1471 357 1517 Quas
377 1485 446 1522 ego
465 1475 506 1509 te
524 1474 644 1509 terras
664 1475 702 1509 et
723 1475 865 1522 quanta
883 1486 949 1522 per
967 1486 1117 1523 aequora
1136 1476 1291 1511 vectum

254 1524 433 1574 Accipio!
463 1525 616 1574 quantis
629 1524 831 1575 jactatum,
850 1527 951 1571 nate,
969 1526 1138 1575 periclis!

255 1577 379 1623 Quam
398 1577 529 1623 metui,
549 1591 596 1614 ne
616 1578 707 1627 quid
726 1577 860 1628 Libyae
879 1579 951 1616 tibi
970 1592 1087 1629 regna
1105 1581 1285 1617 nocerent
1298 1579 1335 1617 !”

254 1630 327 1668 Ille
346 1632 497 1668 autem:
529 1633 549 1649 ‘⁴
566 1630 649 1667 Tua
667 1644 739 1676 me,
758 1631 920 1680 genitor,
940 1634 1009 1668 tua
1026 1632 1149 1669 tristis
1167 1632 1307 1683 imago,

254 1683 398 1733 Saepius
418 1697 628 1729 occurrens,
648 1684 728 1721 haec
747 1684 879 1721 limina
896 1685 1051 1722 tendere
1069 1685 1210 1735 adegit.

256 1736 371 1774 Stant
390 1737 466 1774 sale
485 1737 684 1787 Tyrrheno
704 1737 850 1774 classes.
906 1737 969 1774 Da
981 1738 1142 1788 jungere
1161 1738 1347 1785 dextram,

254 1789 328 1836 Da,
348 1790 521 1840 genitor3
548 1792 662 1840 teque
681 1790 856 1840 amplexu
873 1804 921 1828 ne
940 1791 1121 1828 subtrahe
1139 1791 1310 1830 nostro-’²

256 1842 317 1880 Sic
336 1856 549 1880 memorans
567 1842 673 1893 largo
693 1843 786 1880 fietu
805 1844 919 1880 simul
937 1857 1002 1881 ora
1019 1844 1181 1894 rigabat.

256 1895 331 1932 Ter
350 1898 507 1933 conatus
526 1895 579 1933 ibi
598 1896 694 1933 collo
714 1896 802 1934 dare
820 1897 973 1934 brachia
992 1897 1155 1935 circum:

257 1948 332 1985 Ter
349 1949 491 1986 frustra
509 1962 729 1999 comprensa
747 1963 880 1987 manus
900 1950 1036 1999 effugit
1054 1950 1194 2001 imago,

257 2001 333 2038 Par
351 2001 497 2038 levibus
515 2002 652 2047 ventis,
670 2002 888 2052 volucrique
906 2003 1097 2040 simillima
1115 2016 1258 2041 somno.

309 2053 464 2091 Interea
481 2054 585 2091 videt
604 2055 744 2092 AEneas
763 2055 803 2092 in
822 2056 918 2093 valle
936 2056 1094 2093 reducta

255 2107 454 2145 Seclusum
472 2120 617 2153 nemus,
637 2110 677 2144 et
695 2108 864 2158 virgulta
883 2109 1058 2146 sonantia
1076 2107 1192 2154 silvis,

256 2160 542 2209 Lethaeumque,
562 2160 692 2197 domos
712 2161 876 2210 placidas
896 2161 960 2210 qui
978 2163 1177 2210 praenatat,
1197 2173 1359 2197 amnem.

255 2213 374 2250 Hunc
394 2213 535 2250 circum
553 2213 772 2250 immunerae
791 2215 924 2263 gentes
943 2213 1147 2264 populique
1165 2213 1366 2251 volabant:

255 2267 313 2304 Ac
332 2266 438 2303 velut
456 2266 496 2302 in
514 2266 634 2315 pratis
652 2266 717 2303 ubi
737 2279 823 2316 apes
843 2269 974 2304 aestate
994 2280 1124 2304 serena

257 2319 433 2356 Floribus
451 2318 624 2356 insidunt
642 2319 766 2365 variis,
786 2322 825 2356 et
845 2320 1003 2356 candida
1021 2320 1163 2356 circum

256 2372 356 2409 Lilia
374 2372 609 2418 funduntur3
638 2372 774 2422 strepit
793 2372 915 2410 omnis
933 2386 1127 2410 murmure
1146 2385 1313 2423 campus.

257 2425 458 2463 Horrescit
477 2425 560 2462 visu
579 2425 717 2470 subito,
738 2439 940 2475 causasque
959 2426 1117 2475 requirit

257 2478 406 2516 Inscius
426 2478 577 2523 AEneas,
597 2491 682 2528 quae
701 2478 778 2515 sint
797 2492 841 2516 ea
858 2479 1015 2516 flumina
1033 2492 1156 2529 porro,

257 2531 379 2578 Quive
397 2531 469 2567 viri
486 2533 598 2568 tanto
617 2531 842 2581 complerint
861 2532 1012 2582 agmine
1031 2532 1142 2581 ripas.

256 2584 358 2622 Tum
375 2586 484 2636 pat-er
501 2584 708 2623 Anchises:
738 2587 760 2604 ‘⁶
771 2585 933 2635 Animae,
953 2585 1088 2635 quibus
1107 2583 1226 2623 altera
1243 2582 1324 2622 fato
