1674 2775
197 95 275 133 386
606 106 641 132 P.
660 104 848 132 VIRGILII
866 105 1056 133 MARoms

198 200 362 251 Antiqui
379 200 502 252 proles
519 201 618 238 bello
636 200 818 251 praeclara
835 201 1007 248 Dolonis,

198 254 366 293 Nomine
385 268 498 292 avum
517 255 690 301 referem,
711 255 836 292 animo
855 255 1104 305 manibusque
1122 257 1334 306 parentem:

199 307 274 355 Qui
293 308 495 358 quondam,
515 310 639 345 castra
656 310 702 345 ut
721 308 899 345 Danaum
918 309 1130 358 speculator
1149 309 1282 357 adiret,

197 361 326 399 Ausus
346 361 489 399 Pelidae
508 362 675 411 pretium
694 361 765 399 sibi
784 375 935 412 poscere
954 376 1097 399 currus.

198 414 317 452 Illum
336 415 502 466 Tydides
521 415 594 452 alio
612 428 680 465 pro
698 415 840 452 talibus
860 415 959 452 ausis

197 468 339 506 Affecit
356 469 501 519 preti03
529 482 598 506 nec
617 468 722 518 equis
741 469 883 519 aspirat
902 468 1077 506 Achffljs.

197 522 317 559 Hunc
335 522 467 572 procul
484 525 530 559 ut
549 535 681 572 campo
701 522 852 559 Turnus
871 522 1064 573 prospexit
1084 524 1229 572 aperto,

196 576 302 613 Ante
321 575 395 613 levi
408 576 534 626 jaculo
552 576 712 626 longum
732 589 798 626 per
815 575 927 613 inane
947 578 1111 622 secutus,

199 629 310 666 Sistit
330 643 444 678 equos
463 629 621 680 bijuges,
641 631 680 667 et
700 643 813 666 curru
832 629 968 676 desilit,
989 631 1103 679 atque

199 683 417 720 Semianimi
435 683 614 733 lapsoque
634 683 863 733 supervenit,
883 685 922 720 et
941 683 1034 733 pede
1054 682 1164 729 collo,

198 736 389 786 Impresso
409 737 553 774 dextrae
573 749 791 774 mucronem
810 738 1022 787 extorquet,
1041 739 1081 773 et
1100 736 1177 773 alto

199 789 431 840 Fulgentem
450 790 571 841 tingit
584 790 721 840 jugulo
737 806 745 836 ;
774 792 887 840 atque
907 791 986 828 haec
1006 790 1158 840 insuper
1177 789 1306 828 addit:

198 847 218 862 ‘⁶
233 843 307 891 En,
327 857 436 894 agros
456 846 506 890 et,
526 857 640 893 quam
659 843 767 890 bello,
788 843 961 894 Trojane,
980 843 1125 894 petisti,

196 896 425 948 Hesperiam
443 897 577 935 metire
590 897 741 948 jacens:
770 897 852 934 haec
872 897 1038 947 praemia,
1058 897 1122 947 qui
1141 910 1202 934 me

197 950 315 989 Ferro
334 951 415 988 ausi
433 953 594 997 tentare,
613 951 764 988 ferunt:
794 951 846 988 510
866 951 1008 988 moenia
1027 950 1237 989 condunt.'’

196 1004 302 1043 Huic
322 1005 501 1043 comitem
519 1004 697 1042 Asbuten
715 1004 885 1054 conjecta
903 1004 1057 1054 cuspide
1074 1004 1213 1051 mittit,

197 1057 436 1108 Chloriaque,
457 1058 717 1109 Sybarimque,
737 1058 966 1108 Daretaque,
988 1058 1363 1109 Thersilochumque,

196 1111 252 1149 Et
272 1112 453 1150 sternacis
473 1112 558 1162 equi
576 1111 725 1162 lapsum
745 1111 886 1149 cervice
906 1112 1153 1161 Thymoeten.

195 1166 254 1203 Ac
273 1166 378 1203 Velut
398 1166 525 1203 Edoni
544 1166 676 1204 Boreae
696 1179 814 1216 quum
836 1165 992 1215 spiritus
1013 1165 1092 1203 alto

195 1218 358 1257 Insonat
377 1219 521 1270 AEgaeo,
542 1220 784 1270 sequiturque
805 1219 852 1256 ad
870 1219 983 1256 litora
996 1219 1149 1265 fluctus,

196 1272 280 1319 Qua
298 1273 405 1310 venti
423 1273 636 1319 incubuere,
656 1273 787 1323 fugam
807 1272 900 1309 dant
919 1272 1051 1309 nubila
1070 1272 1186 1310 coelo:

195 1325 256 1363 Sic
277 1326 418 1373 Turno,
438 1340 672 1376 quacumque
691 1326 792 1363 viam
813 1328 914 1363 secat
934 1325 1088 1375 agmina
1108 1325 1260 1372 cedunt,

197 1379 469 1430 Conversaeque
488 1382 605 1417 ruunt
625 1380 743 1426 acies3
771 1379 845 1416 fert
864 1379 1030 1429 impetus
1049 1379 1188 1429 ipsum,

194 1433 251 1471 Et
271 1433 426 1471 cristam
444 1434 600 1471 adverso
620 1447 732 1470 curru
752 1433 877 1482 quatit
897 1445 988 1469 aura
1006 1432 1213 1470 volantem.

194 1486 288 1524 Non
305 1487 399 1524 tulit
418 1487 628 1524 instantem
648 1486 823 1536 Phegeus
843 1485 1052 1535 animisque
1072 1486 1320 1523 frementem:
1386 1488 1402 1514 0

197 1539 347 1591 Objecit
367 1554 445 1578 sese
464 1541 512 1578 ad
531 1553 695 1585 currum,
716 1542 755 1576 01
774 1539 992 1589 spumantia
1010 1539 1124 1576 frenis

199 1593 277 1631 Ora
295 1594 500 1632 citatorum
519 1594 652 1631 dextra
671 1593 831 1630 detorsit
851 1605 1045 1642 equorum.

197 1647 304 1685 Dum
322 1648 502 1693 trahitur,
520 1647 734 1698 pendetque
748 1646 864 1697 jugis,
883 1646 985 1683 hunc
1004 1645 1083 1683 lata
1100 1647 1290 1684 retectum

197 1700 347 1739 Lancea
366 1702 619 1751 consequitur,
638 1700 856 1750 rumpitque
875 1699 992 1736 infixa
1009 1699 1160 1737 bilicem

197 1754 385 1802 Loricam,
405 1757 444 1793 et
463 1768 656 1792 summum
676 1754 856 1804 degustat
875 1753 1029 1790 vulnere
1050 1766 1195 1803 corpus.

198 1807 270 1845 Ille
289 1810 419 1846 tamen
439 1808 557 1859 clipeo
577 1808 725 1858 objecto
745 1820 945 1845 conversus
965 1807 1005 1843 in
1023 1806 1175 1844 hostem

197 1861 300 1908 Ibat,
320 1864 359 1900 01
379 1862 560 1899 auxilium
579 1862 695 1899 ducto
714 1874 892 1898 mucrone
910 1860 1087 1910 petebat:

198 1915 325 1961 Quum
344 1919 429 1954 rota
446 1915 679 1966 praecipitem
698 1917 737 1953 et
756 1927 938 1965 procursu
957 1914 1127 1951 concitus
1146 1913 1225 1951 axis

197 1968 371 2019 Impulit,
391 1969 625 2019 effunditque
643 1968 744 2015 solo;
773 1968 997 2018 Turnusque
1016 1969 1168 2005 secutus

198 2022 323 2060 Imam
342 2023 443 2060 inter
461 2023 608 2073 galeam
627 2022 767 2059 summi
786 2021 953 2059 thoracis
973 2023 1012 2058 et
1032 2035 1115 2058 oras

196 2076 372 2114 Abstulit
390 2090 477 2114 ense
496 2078 621 2127 caput,
639 2079 894 2126 truncumque
911 2074 1064 2125 reliquit
1083 2087 1219 2112 arenae.

251 2130 380 2180 Atque
400 2144 442 2167 ea
461 2130 552 2167 dum
572 2130 713 2180 campis
733 2129 856 2167 victor
875 2129 942 2166 dat
961 2128 1093 2166 funera
1112 2128 1276 2174 Turnus,

197 2182 353 2221 Interea
370 2183 519 2221 AEnean
538 2183 766 2221 Mnestheus
785 2185 825 2220 et
843 2182 941 2219 fidus
961 2181 1130 2219 Achates

197 2236 456 2287 Ascaniusque
476 2250 600 2275 comes
620 2236 752 2274 castris
773 2238 940 2273 statuere
960 2238 1174 2282 cruentum,

196 2290 378 2328 Alternos
396 2291 511 2341 longa
528 2290 718 2328 nitentem
737 2289 890 2339 cuspide
908 2302 1071 2339 gressus.
1141 2327 1152 2336 κ

199 2343 327 2390 Saevit,
347 2346 386 2381 et
403 2344 566 2382 infracta
582 2344 752 2381 luctatur
770 2342 953 2381 arundine
972 2342 1095 2379 telum

196 2397 366 2448 Eripere,
386 2397 598 2448 auxilioque
619 2397 731 2443 viam,
751 2410 834 2447 quae
852 2396 1034 2446 proxima,
1053 2393 1197 2445 poscit:

196 2450 301 2489 Ense
319 2454 447 2489 secent
464 2451 542 2489 lato
563 2451 710 2498 vulnus,
729 2450 870 2500 telique
889 2449 1075 2487 latebram

197 2503 432 2542 Reseindant
451 2505 614 2555 penitus,
635 2517 786 2554 seseque
805 2504 846 2540 in
863 2503 962 2541 bella
980 2502 1194 2540 remittant.

197 2557 362 2609 Jamque
381 2559 510 2596 aderat
530 2558 677 2596 Phoebo
696 2560 785 2596 ante
804 2556 895 2594 alios
915 2556 1075 2593 dilectus
1095 2554 1199 2605 Iapis

197 2611 362 2651 Iasides:
392 2612 469 2650 acri
487 2612 679 2663 quondam
697 2611 758 2650 cui
776 2612 909 2661 captus
929 2623 1055 2647 amore
